3584 5034
319 628 384 695 lid
795 626 1053 700 testatum

314 737 465 807 alteruter
502 736 534 803 in
560 736 722 806 alterutra
765 735 899 805 istarum
946 746 978 806 et
1001 735 1048 804 ed
1082 734 1252 806 sublimius
1281 735 1424 825 erigeret
1462 738 1535 805 Non

315 852 421 899 rerum
433 828 605 921 praefulsit.
617 830 742 923 Moyses
754 832 837 899 enim
853 831 901 899 le-
946 831 1030 899 enim
1048 830 1204 911 tacebant,
1222 828 1337 919 iuquit,
1354 828 1410 898 sed
1427 829 1543 920 loque«

316 945 388 1011 gem
412 922 524 1003 'dedit3
548 945 649 1013 quare
688 942 753 991 non
793 922 906 991 luisset
952 924 1072 1012 bantur
1090 922 1131 991 dc
1155 922 1265 1013 gloria,
1285 946 1382 1012 quam
1399 924 1541 1015 comple-

315 1038 429 1106 passus
445 1018 569 1109 Moyses
586 1016 767 1084 conculcari
792 1016 906 1105 legem,
954 1028 1045 1083 turus
1084 1027 1152 1083 erat
1199 1018 1231 1083 in
1271 1017 1456 1097 Jerusalem,
1496 1015 1538 1083 do

316 1121 350 1177 ut
374 1110 485 1177 ludaei
501 1109 683 1188 eredebaut;
701 1132 903 1199 necpraeva-
950 1131 1047 1177 cruce
1071 1110 1226 1190 videlicet,
1252 1130 1290 1175 ac
1313 1113 1469 1200 passione:
1493 1110 1540 1175 sic

317 1204 482 1271 rioatorem
497 1204 587 1291 ,ejus
611 1214 642 1269 et
666 1204 771 1289 legum
812 1204 903 1269 latori
946 1206 1037 1289 'enim
1060 1206 1162 1293 ipsam
1186 1226 1312 1292 semper
1329 1202 1516 1293 appellabat

314 1295 448 1377 hostem,
476 1296 556 1363 latur
582 1296 653 1386 ipse
682 1318 824 1385 unquam
851 1316 908 1362 co·
1000 1305 1032 1374 d.
1046 1300 1178 1363 Factum
1189 1297 1333 1377 est,dum
1343 1298 1467 1365 tolleret
1480 1298 1540 1365 llo.-

314 1389 434 1457 luisset.
460 1389 545 1457 Elias
584 1400 690 1457 autom
720 1410 781 1480 pro
805 1390 906 1476 gloria
954 1391 1061 1457 miuus
1101 1390 1200 1456 Eliam
1226 1411 1283 1480 per
1305 1385 1472 1457 turbinem.
1506 1390 1540 1455 in

315 1482 374 1549 Dei
397 1482 519 1564 zelavit3
545 1504 645 1572 quare
675 1504 740 1549 non
767 1481 905 1549 adstitis-
952 1483 1091 1564 coelum,
1116 1481 1138 1525 ⁹¹⁶
1162 1484 1307 1553 Elisaeus
1321 1482 1479 1551 clamabat
1493 1481 1540 1549 di·

313 1578 425 1656 selei,
453 1580 512 1665 qui
550 1575 717 1665 aequalem
757 1596 792 1642 se
818 1577 908 1643 ¹Patri
954 1595 1041 1643 cens:
1068 1579 1157 1645 Pater
1182 1580 1341 1666 mipater
1357 1579 1410 1659 mi,
1424 1597 1541 1644 currus

316 1667 450 1748 dicebat,
475 1670 500 1735 si
518 1688 580 1735 non
599 1679 692 1747 essem
710 1687 769 1735 nec
781 1668 905 1758 paruis·
951 1670 1060 1750 lsrael,
1087 1681 1119 1737 et
1141 1672 1253 1759 auriga
1276 1671 1355 1757 ejus.

314 1773 362 1828 set
396 1761 452 1841 illi,
478 1764 537 1851 qui.
559 1760 630 1841 sibi,
647 1760 736 1851 quod
760 1781 824 1829 non
848 1760 903 1829 ha÷
995 1771 1027 1834 l·
1053 1763 1199 1851 Cumque
1236 1770 1412 1852 pergerent,
1435 1770 1468 1829 et
1490 1765 1539 1827 in-

315 1852 420 1937 bebat,
447 1855 645 1921 vindicaret
949 1854 1099 1930 cedentes
1123 1857 1420 1923 sermocinarentur:
1463 1876 1541 1923 ecce

361 1951 391 2019 t.
418 1950 470 2014 Ait
486 1949 573 2016 Elias
590 1949 617 2014 N
623 1948 717 2015 untiis
732 1948 825 2036 liegis
849 1948 906 2013 Sa-
952 1966 1068 2015 currus
1083 1949 1205 2037 igneus,
1229 1956 1262 2014 et
1284 1948 1359 2037 equi
1390 1946 1474 2034 ignei
1491 1946 1540 2012 di·

313 2042 447 2109 mariaez·
464 2041 621 2133 uumquid
646 2061 710 2108 uon
739 2052 788 2107 est
812 2038 900 2108 Deus
946 2043 1089 2109 viserunt
1129 2054 1314 2130 utrumque,
1338 2050 1371 2108 et
1399 2037 1543 2105 ascendit

314 2134 345 2200 in
371 2135 478 2215 lsrael,
496 2147 532 2203 ut
546 2135 624 2201 eatis
641 2130 681 2199 ad
707 2131 902 2201 Beelzebub?
948 2134 1032 2202 Elias
1071 2156 1129 2224 per
1167 2134 1327 2201 turbinem
1351 2132 1542 2201 incoelum.

314 2227 529 2306 Quamobrem
547 2225 624 2293 haec
646 2225 723 2291 dicit
740 2227 906 2311 Dominus:
954 2228 1099 2295 Elisaeus
1122 2227 1287 2295 clamabat.
1311 2226 1417 2294 Gloria
1447 2226 1540 2307 Patr-i,

313 2320 335 2363 ³*
360 2321 406 2387 Do
423 2320 551 2399 lectulo,
568 2341 665 2410 super
678 2340 775 2407 quem
792 2340 904 2386 ascen·
950 2332 1011 2389 ete.
1034 2322 1180 2391 Elisaeus
1203 2320 1367 2390 clamabat.

315 2410 397 2493 disti,
422 2432 487 2479 uon
510 2412 696 2493 descendes,
722 2411 777 2481 sed
804 2423 904 2482 morte
1185 2417 1268 2481 Lect.
1292 2432 1340 2479 rx.

315 2508 470 2573 morieris.
955 2460 1116 2575 Accedit
1138 2506 1180 2573 ad
1205 2506 1412 2573 haecomnia
1441 2505 1541 2575 virtus

359 2605 387 2668 d.
403 2598 532 2669 Reuersi
547 2600 653 2667 Nuntii
670 2598 709 2665 ad
729 2599 902 2669 Ooboziam
948 2621 1080 2691 quoque
1092 2600 1234 2666 virorum
1249 2598 1429 2687 singularis,
1445 2609 1541 2688 atque

312 2690 468 2761 dixerunt:
492 2693 547 2761 llir
569 2696 710 2761 occurrit
735 2693 826 2761 nobis
850 2693 902 2759 di-
948 2694 1130 2785 praecipua,
1156 2715 1253 2781 quam
1278 2693 1457 2759 marimea
1492 2692 1541 2757 di'·.

313 2806 398 2855 cens:
422 2788 463 2855 ite
486 2796 518 2855 et
552 2787 743 2855 revertimini
773 2785 814 2853 ad
839 2787 899 2855 lie-
945 2786 1078 2877 scipulis
1102 2784 1272 2873 flagitabat.
1289 2788 1370 2853 Nam
1388 2785 1539 2876 quoniam

313 2901 396 2968 gem,
422 2887 453 2947 et
476 2878 586 2949 dicetis
609 2880 647 2945 ei.
672 2881 718 2948 De
742 2878 870 2950 lectulo.
949 2879 1038 2947 dixit:
1060 2880 1092 2947 Si
1117 2880 1190 2970 quis
1213 2879 1286 2947 uult
1308 2890 1382 2971 post
1405 2900 1456 2946 me
1487 2898 1541 2945 ve·

513 2970 620 3039 Lectio
649 2991 737 3039 ιιιιι.Ι
950 2975 1027 3053 nire,
1053 2973 1141 3041 tollat
1164 2993 1294 3041 crucem
1317 2993 1420 3052 suam,
1443 2982 1542 3039 etse·

314 3010 397 3130 Ad
439 3060 517 3131 haec
547 3062 654 3129 omnia
692 3062 770 3131 illud
811 3066 905 3133 etiam
953 3077 1072 3156 quatur
1096 3088 1156 3134 me:
1180 3066 1240 3133 hac
1263 3065 1305 3133 de
1338 3084 1436 3133 causa
1473 3082 1541 3144 eos,

312 3175 485 3251 possumus
509 3154 625 3235 dicere,
645 3164 680 3221 ut
696 3166 759 3223 tam
784 3160 906 3237 mortis,
953 3161 1012 3247 qui
1035 3160 1154 3226 centies
1177 3180 1237 3250 pro
1278 3158 1334 3226 Dei
1358 3154 1544 3246 praecepto·

316 3273 421 3341 quam.
445 3250 528 3319 vitae
559 3244 676 3317 bebere
716 3258 904 3338 potestatem
953 3273 1025 3317 rum
1049 3251 1203 3332 custodia,
1229 3263 1260 3321 et
1282 3249 1403 3340 populi,
1427 3250 1485 3338 qui
1500 3248 1543 3315 si·

315 3342 448 3433 liquido,
472 3364 511 3411 ac
534 3364 609 3411 vere
632 3340 826 3422 crederetur;
851 3353 901 3410 ut·
950 3341 982 3409 bi
1005 3343 1146 3413 creditus
1169 3344 1282 3423 suerat,
1322 3351 1457 3409 mortem
1487 3362 1543 3410 su-

313 3458 378 3526 que
402 3456 625 3527 supernorum,
650 3445 682 3503 et
706 3435 902 3503 infernorum
948 3436 1132 3525 saepissent,
1159 3439 1191 3503 in
1215 3435 1355 3504 medium
1381 3433 1542 3525 producit,

314 3530 480 3596 Dominus.
509 3528 738 3610 ostenderetur3
785 3527 903 3597 idcirco
950 3549 1089 3619 quorum
1114 3542 1250 3620 uterque
1288 3548 1364 3597 cum
1404 3530 1541 3597 animam

314 3622 440 3716 lloyses
459 3623 525 3712 jam
541 3633 714 3703 mortuum,
741 3632 772 3689 et
789 3622 900 3703 liliam,
948 3620 1129 3712 perdiderit,
1155 3623 1274 3693 invenit
1316 3642 1396 3689 eam.
1435 3627 1543 3711 Atque

315 3717 372 3807 qui
407 3714 549 3783 nondum
574 3712 607 3781 id
631 3735 745 3805 passus
785 3724 843 3794 est,
870 3716 901 3783 io
948 3720 1026 3783 sane
1050 3736 1163 3804 magna
1203 3716 1350 3784 libertate
1387 3714 1543 3784 adversus

314 3810 455 3881 medium
479 3806 640 3899 produxit.
656 3810 808 3888 Quartam
824 3829 901 3875 vero
946 3809 1111 3901 Tyrannus
1135 3810 1264 3899 loquuti
1286 3820 1373 3890 sunt;
1396 3810 1474 3878 alter
1485 3806 1541 3874 ad-

315 3924 446 3974 causam
462 3900 660 3990 Evangelista
676 3921 809 3991 quoque
833 3901 902 3992 ipse
948 3923 1061 3970 versus
1076 3903 1257 3996 AEgyptum,
1281 3902 1360 3971 alter
1390 3901 1544 3969 adversus

316 3998 422 4086 tetigit.
445 3997 609 4078 Quaenam
637 3995 733 4083 igitur
765 3994 817 4063 illa
839 3992 905 4062 est?
951 3993 1070 4062 Achab:
1094 4006 1127 4065 et
1149 3997 1237 4087 quod
1254 4017 1404 4084 magnum
1420 4003 1468 4063 est
1484 4012 1543 4083 pro

316 4090 475 4157 uerrucis
490 4088 622 4178 gloriam
634 4084 788 4167 ostendat,
801 4097 905 4155 ettam
953 4089 1085 4177 ingratis
1107 4087 1299 4170 bominibus,
1314 4099 1346 4157 et
1360 4085 1543 4156 inobedien-

317 4181 458 4263 Petrum,
475 4180 734 4273 quamreliquos,
752 4182 808 4271 qui
833 4203 906 4271 pas·
954 4179 1050 4262 tibus,
1074 4202 1094 4250 a
1118 4184 1238 4273 quibus
1261 4186 1294 4251 iu
1318 4181 1438 4248 atrocia
1459 4178 1544 4270 peri·

317 4272 439 4343 sionem
450 4272 671 4360 formidabant,
686 4274 906 4347 consolaretur
952 4275 1026 4346 cula
1049 4278 1206 4374 compulsi
1231 4272 1380 4365 suntzqui
1403 4273 1461 4344 etsi
1478 4274 1543 4366 pri
