3584 5034
312 623 377 691 tte

604 740 820 894 rnsm
851 703 1246 880 'nncurrrrars
1356 865 1359 874 Α
1439 787 1441 792 ·
1542 668 1548 674 ”

459 1113 466 1124 ’
534 1123 611 1190 vDIE
640 1125 667 1189 i.
948 1123 997 1204 tri,
1023 1143 1120 1212 quem
1144 1133 1258 1190 natura
1293 1123 1438 1204 similem,
1480 1143 1539 1191 vo·

353 1213 496 1282 Sncnnnn
521 1217 582 1281 Dm
608 1217 703 1283 lurni
732 1219 851 1284 Ocrav.
946 1219 1029 1283 catio
1055 1218 1188 1298 socium,
1217 1215 1326 1306 pa'rem
1354 1219 1453 1306 gratia
1469 1219 1540 1307 ipsa

470 1311 501 1376 S.
515 1315 666 1376 brunnen
677 1316 734 1376 Ar:
949 1310 1133 1400 perfecerat.
1161 1309 1210 1376 Ad
1235 1333 1330 1377 unam
1348 1331 1459 1378 rocem
1478 1313 1542 1377 Do-

512 1403 691 1493 Semidupi.
897 1425 900 1432 ·
950 1406 1038 1482 mini,
1062 1403 1145 1471 siout
1168 1404 1378 1495 ilfapatrem,
1397 1406 1542 1494 patriam,
1656 1457 1659 1466 ,

333 1493 473 1561 'Omnia
510 1508 545 1563 ut
584 1495 619 1562 in
659 1499 735 1586 [esta
773 1509 904 1586 praeter
950 1519 1083 1564 censum
1109 1498 1246 1587 reliquit
1279 1497 1454 1578 laboribus,
1487 1518 1545 1586 op-

209 1627 211 1632 ·
308 1586 473 1677 sequentia.
681 1629 686 1641 ·
948 1591 1107 1681 probris,
1133 1591 1331 1670 intineribus,
1357 1590 1546 1658 contumeli-
1665 1571 1666 1646 Ῐ

310 1717 313 1720 ·
429 1683 472 1746 ΙΝ
498 1683 522 1746 1.
551 1683 778 1752 NOCTURNO
952 1688 989 1765 is,
1010 1684 1132 1772 vigiliis,
1149 1683 1274 1752 'Christi
1299 1681 1457 1752 indefesse
1475 1705 1547 1770 ger-

400 1777 482 1842 Lect.
507 1778 544 1842 de
573 1777 691 1864 Script.
706 1800 805 1844 occur.
946 1779 1029 1844 mani
1043 1781 1192 1846 societate
1208 1777 1348 1843 donavit.
1361 1777 1473 1842 Solum
1485 1786 1545 1858 est,

425 1869 466 1933 IN
491 1869 532 1934 ΙΙ.
558 1871 795 1938 Noctunno
860 1929 863 1935 ,
950 1869 1040 1960 quod
1064 1881 1206 1960 tempore
1223 1869 1406 1935 Dominicae
1421 1873 1547 1974 passio-

355 1961 468 2028 Sermo
483 1962 589 2029 Sancti
605 1964 686 2031 Petri
704 1962 900 2054 Chrysofogi.
947 1965 996 2030 nis
1020 1963 1107 2049 fugit:
1132 1961 1190 2029 sed
1215 1983 1321 2050 neque
1344 1961 1407 2027 boc
1443 1983 1547 2060 impar
1665 1979 1666 1982 ’

311 2055 412 2121 Serm.
428 2057 503 2122 ⁴33.
755 2102 757 2105 -
949 2059 1025 2145 quia
1049 2055 1138 2146 fugit.
1161 2057 1284 2144 Negare
1308 2065 1415 2122 autem
1439 2055 1467 2122 si
1490 2053 1551 2122 ali·
1665 2123 1666 2126 ,

552 2152 634 2217 lect.
650 2171 691 2216 rr.
917 2157 927 2179 '
950 2171 1016 2238 qua
1039 2161 1169 2239 putatur
1192 2149 1298 2239 culpa,
1324 2169 1388 2216 nou
1413 2161 1461 2216 est
1476 2170 1551 2238 gra·
1665 2161 1666 2184 ¹

309 2195 459 2308 Beatus
483 2241 627 2309 Andreas
653 2243 766 2310 merito
806 2253 902 2310 natus
948 2244 1021 2310 vius
1046 2244 1168 2332 fugere,
1193 2265 1290 2334 quam
1317 2263 1444 2330 negare.
1482 2240 1548 2308 Sed
1665 2271 1666 2294 r

308 2333 406 2401 hodie
430 2332 581 2409 creditur,
607 2336 738 2424 quando
762 2357 827 2402 uon
859 2335 901 2402 ad
952 2337 1086 2404 tacenda
1110 2349 1186 2404 sunt
1208 2337 1279 2402 alia.
1303 2337 1462 2424 aequavit
1485 2335 1549 2412 fra·
1665 2351 1666 2368 ¹

191 2497 195 2504 ,
308 2437 506 2519 praesentem
530 2429 627 2494 vitam
666 2442 810 2498 materno
850 2441 900 2496 est
947 2441 1011 2496 tres
1037 2433 1138 2511 venia,
1166 2450 1251 2520 quos
1273 2431 1321 2497 sic
1351 2429 1547 2498 discreverat

310 2521 433 2588 effusus
455 2541 495 2587 ex
520 2532 621 2602 utero,
645 2522 703 2589 sed
742 2535 901 2613 conceptu
950 2523 1054 2616 culpa.
1488 2507 1498 2551 ¹

250 2677 253 2683 .
310 2613 396 2694 fidei,
421 2616 561 2707 martyrii
596 2627 702 2708 partu,
729 2617 900 2684 coelestem
995 2627 1025 2697 re.
1051 2617 1080 2682 O
1106 2614 1190 2683 bone
1214 2637 1312 2683 crux..

310 2709 453 2775 noscitur
476 2723 646 2796 generatus
674 2709 714 2776 ad
755 2711 899 2798 gioriam3
1181 2711 1263 2779 Lect.
1287 2730 1329 2776 rr.

309 2801 440 2892 quaudo
465 2823 530 2874 uon
554 2825 628 2870 eum
661 2816 803 2870 materna
842 2825 900 2870 ou·
947 2749 1124 2883 Crucem,
1149 2825 1250 2894 quam
1274 2803 1466 2891 refugerant,
1490 2819 1549 2890 po·

308 2895 428 2962 nebula
451 2917 621 2986 suscepere
637 2899 828 2984 vagientem,
844 2896 902 2964 sed
950 2903 1016 2966 stea
1040 2897 1219 2986 conjunctis
1247 2896 1373 2967 viribus
1402 2894 1549 2962 ardenter

310 3010 451 3079 superna
490 2989 738 3081 triumphantem
778 3001 901 3076 secreta
948 2989 1113 3071 invadunt;
1139 3002 1183 3072 ut,
1208 2992 1297 3060 unde
1320 2998 1443 3059 reatum
1460 3009 1548 3056 snm·

310 3093 509 3171 receperunt
535 3081 669 3172 quando
707 3104 771 3150 non
811 3083 899 3151 iufir-
946 3095 1085 3174 pserant‚
1112 3084 1185 3152 inde
1208 3081 1460 3154 conscenderent
1475 3101 1549 3149 coe·

309 3197 398 3242 mum
436 3175 526 3243 lactis
567 3185 695 3266 pastum
740 3176 899 3264 genitricis
946 3178 1024 3257 ium,
1057 3176 1129 3245 inde
1164 3181 1342 3269 praemium
1382 3183 1547 3242 sumerent

308 3268 409 3335 trabit·
426 3291 465 3336 ex
487 3281 628 3360 pectore,
644 3267 702 3337 sed
724 3290 785 3360 pro
821 3291 900 3357 rege
947 3280 978 3337 et
1002 3288 1163 3338 coronam.
1190 3275 1301 3340 Petrus
1318 3289 1457 3357 namque
1472 3286 1550 3333 cru·
1644 3283 1666 3340 Ἀ

309 3381 370 3429 suo
393 3363 623 3430 devotissimus
648 3363 739 3430 miles
778 3363 904 3430 virtutis
952 3385 1035 3445 cem,
1082 3365 1230 3433 arborem
1264 3358 1450 3430 conscendit
1484 3362 1552 3426 An-

295 3459 496 3544 sanguiuem
544 3455 633 3522 fudit.
675 3457 770 3538 Vivit,
825 3457 903 3545 quia
950 3455 1053 3537 dreas;
1079 3468 1124 3539 ut,
1149 3461 1205 3548 qui
1246 3455 1370 3525 Christo
1409 3455 1550 3544 compati
1665 3541 1666 3544 Ἴ

191 3571 197 3588 ’
309 3559 445 3615 mortem
469 3548 615 3616 coelestis
646 3550 774 3618 militiae
805 3547 904 3616 beffa·
952 3551 1137 3638 gestiebant,
1163 3554 1193 3620 iu
1219 3550 1397 3641 semetipsis
1412 3545 1551 3636 figuram
1665 3555 1666 3570 ¹

311 3653 362 3709 tor
377 3640 502 3709 occidit.
952 3645 1152 3736 formamque
1202 3645 1301 3734 ipsius
1340 3641 1553 3733 exprimerent

358 3743 390 3819 n.
416 3738 523 3804 Homo
535 3737 602 3804 Dei.
932 3740 1121 3830 passionis:
1144 3748 1177 3807 et
1199 3737 1354 3830 redempti
1371 3737 1458 3826 ligno
1474 3752 1551 3800 ouu-

551 3833 633 3898 Lect.
667 3849 700 3894 r:
872 3848 877 3860 ·
954 3843 1190 3902 summarentur
1229 3831 1270 3900 ad
1308 3832 1457 3923 palmam.
1498 3827 1550 3896 Sic
1665 3899 1666 3906 χ

252 4007 261 4014 .
313 3874 494 4013 Sequitur
517 3923 570 3991 hio
596 3922 772 4004 moriendo,
797 3924 907 3992 Domi·
954 3924 1098 3994 Andreas
1123 3937 1239 4008 noster,
1265 3927 1326 3994 etsi
1349 3924 1437 3994 cedit
1466 3919 1553 3988 ordi-
1665 3923 1666 3954 f

311 4037 391 4082 num
415 4028 564 4085 aestuans
598 4017 631 4084 e't
667 4017 829 4097 anhelans,
864 4037 903 4084 ac
950 4022 995 4098 ni,
1023 4022 1165 4110 praemio
1190 4033 1383 4088 tamennon
1414 4013 1498 4084 cedit
1520 4021 1555 4080 et
1665 4017 1666 4028 ’

313 4119 382 4174 toto
421 4113 549 4178 virtutis
587 4109 690 4200 gradu
730 4112 908 4177 Dominicis
956 4111 1066 4181 labori.

313 4200 479 4292 incumbit
499 4203 632 4272 haerere
672 4204 822 4293 vestigiis,
863 4225 904 4273 ne
997 4206 1030 4284 b.
1053 4207 1199 4300 Expandi
1223 4227 1338 4278 manus
1360 4221 1457 4273 meas-
1546 4247 1550 4256 ·

315 4313 390 4363 eum
413 4314 530 4366 cursus
556 4298 652 4370 faciat
667 4296 827 4390 disparem
846 4296 912 4367 fra·
984 4297 990 4312 '
