3584 5034
314 629 379 694 res
653 582 655 591 ’
753 625 877 695 rasta
893 625 1097 696 ceronnrs

303 736 504 819 aemulando,
530 738 608 808 dum
632 737 790 808 Christum
808 745 894 832 Apo·
941 739 1200 823 acclamantibus,
1224 761 1248 808 a·
1267 739 1411 808 Romano
1428 749 1535 817 umen

228 863 231 867 >
304 832 468 923 stolosque
491 831 576 900 iilius
598 836 823 924 insequuntur,
862 835 894 902 in
942 834 1100 914 Praeside,
1126 836 1342 925 Romanisque
1365 834 1405 901 sit
1423 835 1535 902 'miiiti-

304 948 340 994 sc
379 926 465 1017 ipsos
503 930 688 994 sententiam
730 938 895 1018 retorque·
943 928 1005 997 bus
1029 927 1210 996 crucifixus.

304 1018 390 1098 bant,
414 1018 525 1086 eadem
551 1020 699 1088 videlicet
725 1022 793 1111 ipsi,
812 1043 896 1111 quae
992 1025 1024 1100 d.
1050 1025 1167 1104 Sancti,
1192 1031 1251 1090 etc.

305 1113 336 1178 in
359 1112 544 1203 parentibus
567 1113 770 1195 damnabant,
800 1137 896 1204 agen·
1157 1114 1262 1185 Lectio
1285 1135 1327 1189 tx.

303 1216 360 1273 tes.
384 1206 582 1275 simulabant
617 1207 746 1297 quidem
783 1229 828 1288 se,
853 1207 896 1274 ob
945 1161 1034 1276 Sed
1060 1209 1156 1276 moris
1197 1219 1246 1276 est
1284 1209 1536 1299 scripturarum,

302 1299 445 1366 favorem
469 1300 555 1388 vulgi
597 1301 800 1391 captandum,
841 1323 897 1391 pa·
945 1299 1026 1370 duas
1066 1324 1160 1392 saepe
1178 1304 1396 1392 generationes
1436 1303 1539 1372 homi-

303 1404 387 1459 trum
413 1415 545 1460 suorum
570 1394 699 1462 horrere
715 1394 894 1484 perfidiam,
944 1418 1033 1476 num,
1050 1396 1207 1463 bonorum
1227 1395 1348 1465 scilicet
1364 1397 1540 1482 maiorum-

242 1519 250 1533 ·
303 1487 472 1554 memorias
498 1487 736 1576 Prophetarum,
775 1490 831 1577 qui
857 1487 899 1554 ab
946 1511 1011 1578 que
1035 1501 1231 1579 computare,
1257 1489 1317 1556 hoc
1342 1502 1399 1572 est,
1427 1512 1538 1557 eorum

303 1580 349 1646 eis
373 1580 468 1647 occisi
494 1593 580 1659 sunt,
598 1580 916 1669 magiriiice‘ornau-⁴
944 1586 1001 1671 qui
1028 1605 1091 1652 non
1116 1582 1397 1671 exsanguinibus,
1434 1582 1539 1672 nique

227 1695 232 1702 ·
303 1671 356 1740 do:
379 1672 437 1740 sed
454 1675 531 1764 ipso
556 1695 653 1763 opere
679 1673 895 1757 testificantur,
946 1698 985 1742 ex
999 1677 1286 1756 voluntateearnis,
1309 1697 1466 1764 nequeex
1483 1697 1541 1742 vo-

304 1777 459 1855 quantum
477 1778 625 1856 pateruae
643 1768 801 1855 nequitiae
817 1787 895 1835 oon·
944 1769 1064 1848 luntate
1084 1771 1152 1848 viri,
1162 1769 1217 1836 sed
1227 1791 1269 1834 ex,
1280 1770 1344 1834 Deo
1364 1769 1425 1834 nati
1446 1779 1532 1849 sunt;

304 1862 451 1938 sentiant,
471 1861 649 1938 Dominum,
665 1860 770 1949 quiab
783 1860 896 1949 iisdem
944 1875 1096 1930 eteorum
1112 1861 1229 1949 quibus
1260 1860 1385 1940 dicitur,
1418 1861 1482 1927 Vos
1499 1882 1539 1928 ex

304 1952 469 2044 Prophetis
485 1964 534 2020 est
549 1957 800 2046 praenuntiatus,
817 1957 901 2044 inju-
947 1967 1035 2045 patre
1058 1953 1185 2018 diabolo
1203 1957 1285 2020 estis:
1306 1963 1338 2020 et
1358 1951 1444 2018 alibi:
1466 1953 1541 2020 Ser-

307 2045 362 2114 riis
384 2045 518 2133 agendo.
947 2058 1067 2138 penten,
1110 2049 1269 2134 generatio
1294 2043 1484 2136 viperarum.
1514 2052 1542 2112 A

350 2151 384 2224 ιζ.
408 2142 551 2232 Propter,
575 2151 635 2208 eto.
707 2145 727 2200 .’
947 2143 1102 2229 sanguine
1126 2138 1204 2207 Abel
1232 2139 1392 2229 usquead
1411 2142 1541 2226 sangui-

344 2277 361 2361 Ῑ
520 2237 599 2302 Lect.
624 2254 689 2300 vrri.
807 2302 809 2305 ,
948 2257 1019 2301 nem
1044 2233 1219 2300 Zachariae.
1250 2235 1356 2314 Quare
1377 2232 1540 2322 usquead

305 2276 345 2385 l
365 2336 377 2391 t
400 2325 578 2415 inquiratur
608 2328 738 2414 sanguis
755 2327 897 2395 omnium
945 2331 1130 2416 sauguinem
1144 2326 1320 2404 Zachariae,
1332 2347 1406 2391 curn
1420 2326 1540 2394 etmul-

305 2417 544 2509 Propbetarum,
569 2425 626 2510 qui
651 2422 772 2488 effusus
806 2433 854 2489 est
877 2443 899 2488 a·
943 2423 964 2488 ti
979 2431 1050 2512 post
1069 2443 1141 2488 rum
1158 2420 1272 2486 sintab
1290 2419 1348 2486 huc
1366 2421 1541 2508 generatio-

290 2514 536 2582 coustitutione.
551 2515 660 2582 mundi
684 2516 896 2604 ageneratio·
944 2538 984 2582 ne
1008 2514 1174 2604 perempti;
1199 2514 1257 2580 nisi
1282 2512 1373 2590 sorte,
1399 2513 1540 2601 quia-A·

305 2627 346 2674 ne
384 2608 453 2673 ista.
493 2608 707 2688 Quaeritur,
734 2608 901 2698 quomodo
948 2607 997 2676 bet
1025 2621 1131 2696 pastor
1156 2608 1276 2685 ovium,
1300 2605 1466 2676 Zacharias
1491 2626 1541 2673 sa·

305 2701 593 2789 sanguisomnium
613 2701 900 2791 Prophetarumat-
946 2700 1059 2768 cordos
1100 2699 1168 2780 suit;
1211 2711 1242 2766 et
1273 2697 1327 2766 ibe
1352 2700 1382 2766 in
1414 2719 1539 2789 campo,

287 2795 555 2882 *que-justorum
581 2795 622 2862 ab
663 2817 726 2860 una
761 2794 898 2882 judaeo·
947 2793 997 2860 hio
1023 2795 1052 2858 in
1078 2795 1158 2860 atrio
1183 2794 1291 2884 tempii
1316 2803 1447 2862 necatus
1483 2803 1540 2874 est,

305 2909 377 2952 rum
393 2890 594 2974 generatione
613 2890 805 2977 requiratur;
823 2909 901 2954 oum·
948 2888 1116 2977 utriusque
1155 2886 1273 2974 gradus
1314 2896 1480 2978 martyres
1511 2896 1547 2982 et

305 2979 455 3060 etmulti
484 2983 683 3060 Sanctorum,
717 2984 788 3049 sire
823 2993 897 3048 ante
943 2981 1017 3049 laici
1054 2981 1192 3060 scilicet,
1234 2993 1266 3048 et
1306 2979 1396 3046 attari
1437 2977 1543 3047 officio

306 3074 561 3153 incarnationem,
585 3095 642 3141 seu
667 3086 897 3162 postmortem
946 3075 1124 3164 inancipati,
1151 3074 1214 3142 sub
1239 3094 1352 3142 eorum
1377 3071 1480 3140 r'oluit
1497 3072 1544 3138 in·

304 3169 635 3257 resurrectionemque
650 3167 836 3248 salvatoris,
856 3167 898 3234 ab
946 3168 1056 3235 timere
1080 3167 1273 3236 vocabulo?

302 3260 372 3327 aliis
397 3262 457 3329 sint
481 3261 661 3328 nationibus
704 3262 893 3353 interempti;
990 3263 1032 3329 Te
1058 3261 1158 3328 Deum
1184 3260 1362 3346 laudamus,
1387 3267 1445 3326 etc.

304 3356 427 3445 etipse
452 3355 617 3443 Dominus,
654 3355 785 3424 iudaeis
824 3356 899 3424 licet

596 3544 815 3660 austu
857 3542 1253 3660 novuntssnts

332 3929 336 3935 '
384 3926 476 3994 born.
501 3924 570 3994 inir.
594 3935 711 3994 octan-
725 3927 818 3996 Omn.
1136 3927 1186 3996 Ad
1215 3927 1366 4016 Vesperas

354 4018 528 4090 Sacarnnu
566 4021 788 4098 barroniano!
809 4044 817 4103 3
841 4039 899 4089 sno
996 4023 1065 4091 Ant.
1091 4020 1212 4089 Omnes
1235 4019 1342 4086 Sancti
1366 4040 1436 4086 cum
1466 4013 1543 4081 reti-

308 4109 497 4182 Sanuronou
521 4132 650 4192 ouoruu
667 4116 816 4184 Conrona
840 4135 900 4182 rac
947 4114 1018 4205 quis
1041 4117 1078 4182 de
1097 4117 1214 4183 comm.
1230 4111 1440 4203 plurimorum
1461 4109 1541 4175 Mm.

309 4202 483 4280 Marcone
516 4227 676 4276 coaunrun
716 4231 747 4277 rrr
779 4213 903 4276 Carau-
950 4209 1069 4277 Psaim.
1094 4209 1132 4274 de
1159 4206 1304 4287 domin,
1330 4216 1358 4274 et
1381 4205 1445 4270 loco
1466 4200 1542 4270 idti-

309 4300 415 4376 natur,
438 4292 479 4364 ai
503 4321 583 4368 turs
606 4304 761 4373 accusas
777 4305 902 4372 Crura·
948 4304 997 4370 mi
1036 4301 1177 4369 Laudato
1219 4301 1386 4370 Dominum
1425 4314 1540 4364 ornnes

309 4409 367 4470 ris,
390 4408 432 4455 rr
455 4390 623 4463 Droacrrsrr
645 4396 726 4483 dupt.
948 4404 1057 4484 gentes
1080 4405 1138 4462 etc.
