3584 5034
656 638 780 706 nesta
805 627 1049 708 snntntl'nnls
1394 645 1454 710 tlt

238 745 309 819 lons
346 751 505 820 orientalis
544 748 730 831 dicebatur,
746 783 750 792 ·
765 750 822 817 ubi
868 753 964 818 istum
997 751 1091 819 habet
1112 772 1251 820 sensum.
1286 753 1318 820 81
1358 771 1457 836 arnas,

237 844 405 912 solitariam
432 847 525 912 vitam
549 866 645 934 agens
669 866 687 911 a
710 845 836 922 llletro-n
868 843 984 936 perdes
1011 845 1105 926 illam,
1124 845 1150 912 si
1166 867 1254 913 arnas
1268 865 1344 934 ergo
1361 847 1458 927 illam,

236 939 280 1029 pii
309 939 500 1006 Satellitlbus
541 941 696 1018 inventus,
734 948 766 1004 et
790 939 820 1003 in
867 936 965 1028 perde
990 938 1082 1004 illam.
1107 939 1166 1006 Hic
1190 939 1460 1021 seminaillam,et

239 1042 443 1121 conspectum
469 1033 537 1121 ejus
576 1029 735 1098 abductus
763 1042 821 1097 est.
870 1031 1460 1120 1000010001001110000011001001-

237 1124 270 1190 Is
292 1135 397 1192 autem
422 1127 509 1214 quod
537 1124 687 1192 Ethnicae
712 1145 825 1213 super·
872 1123 970 1189 ticum
994 1123 1019 1190 si
1045 1143 1108 1190 non
1132 1123 1235 1216 perdit
1259 1126 1289 1193 10
1329 1125 1459 1207 semine,

236 1218 356 1283 stitioni
381 1217 507 1285 deditus
530 1228 613 1285 esset
641 1219 738 1284 iratus
769 1218 827 1284 Dei
873 1235 939 1283 non
964 1218 1102 1283 amatio
1128 1239 1238 1286 messe.
1338 1227 1343 1240 ‘

237 1311 372 1378 Servum
395 1309 545 1378 decollari
564 1312 730 1402 praecepit.
748 1310 825 1376 Cor·
919 1317 951 1392 tl.
969 1310 1092 1378 Corona
1108 1331 1214 1379 aurea.

131 1402 132 1446 ³
236 1424 299 1493 pus
324 1425 387 1470 una
411 1426 484 1470 cum
510 1408 611 1494 capite
628 1405 659 1469 in
685 1400 825 1492 proline-
1095 1406 1176 1473 Lect.
1212 1423 1278 1472 vnn

235 1507 298 1563 tem
323 1499 496 1586 projectum
524 1518 624 1586 prope
658 1497 828 1586 appanicas
878 1446 996 1563 littus
1020 1496 1135 1564 modus
1159 1499 1204 1566 sic
1245 1496 1346 1563 habet.
1387 1495 1460 1564 Noli

131 1638 132 1641 ,
234 1588 386 1656 divinitus
410 1590 548 1657 delatum
581 1589 744 1657 Christiani
776 1609 827 1655 se·
873 1611 979 1656 amare
1003 1590 1098 1670 illam,
1132 1613 1172 1658 ne
1211 1589 1326 1680 perdas
1367 1589 1460 1656 illam.

236 1680 367 1772 peliunt.
393 1684 493 1774 Caput
528 1703 604 1751 vero
629 1683 823 1770 Angelorum
870 1682 1026 1750 Videntur
1050 1683 1144 1772 igitur
1167 1683 1230 1752 sibi
1253 1705 1359 1752 amaro
1394 1683 1462 1750 ani·

235 1775 407 1843 ministerio
450 1787 610 1842 servatum
649 1797 668 1840 a
709 1779 826 1842 Fausto
873 1797 941 1841 mas
964 1797 1048 1855 suae,
1073 1779 1131 1865 001
1155 1779 1263 1846 timent
1278 1777 1368 1843 mori.
1385 1771 1461 1841 00ίὲ

131 1916 132 1925 ,
235 1869 380 1960 Principe
397 1869 570 1936 honorilice
587 1866 750 1936 conditum
767 1878 825 1935 est.
874 1890 943 1934 mas
966 1891 1040 1936 snas
1064 1871 1214 1962 Martyres
1237 1872 1262 1938 si
1287 1871 1332 1937 sic
1357 1891 1461 1935 arnas-

280 1968 312 2043 0.
337 1963 424 2028 81010
443 1962 662 2050 jucunditatis.
873 1971 967 2042 sent,
1009 1962 1077 2030 0100
1118 1962 1216 2029 dubio
1238 1961 1459 2054 perdidissent.

351 2055 393 2120 ΙΝ
412 2055 467 2119 111.
484 2055 705 2124 NOCTUllNO
868 2052 952 2134 Quid
976 2057 1059 2124 enirn
1083 2055 1248 2145 prodesset
1271 2068 1377 2122 tenere
1392 2054 1459 2120 ani·

281 2145 388 2214 Lectio
412 2147 443 2212 S.
467 2147 626 2236 Evangelii
642 2145 821 2215 secuudum
867 2169 951 2213 mam
978 2149 1007 2213 in
1026 2160 1116 2228 terra,
1133 2159 1165 2216 01
1181 2148 1314 2239 perdere
1337 2151 1367 2214 in
1383 2167 1458 2216 coe·

236 2241 399 2307 loannem.
870 2239 936 2306 lo?
961 2251 993 2308 et
1016 2242 1093 2332 quid
1118 2252 1166 2308 est
1190 2244 1287 2332 ipsam
1320 2239 1458 2308 tenere?

131 2416 132 2425 ἵ
362 2335 444 2402 Lect.
469 2354 521 2400 vu.
618 2336 693 2421 Cup.
723 2333 776 2397 12.
867 2333 1025 2412 Quamdiu
1052 2335 1185 2402 tenere?
1226 2334 1320 2417 Quod
1361 2345 1458 2414 tenes,

131 2454 132 2457 ¹
237 2381 291 2491 10
332 2424 384 2492 1110
424 2439 565 2517 tempore
611 2427 689 2492 dixit
728 2427 820 2492 lesus
868 2428 962 2516 periit
986 2449 1004 2493 0
1028 2438 1067 2494 10.
1092 2429 1123 2494 81
1149 2428 1266 2519 perdis,
1292 2429 1460 2494 invenisin

234 2518 406 2608 Discipulis
430 2523 507 2588 suis:
531 2521 592 2600 Qui
633 2529 717 2586 amat
755 2518 823 2584 ani·
870 2530 911 2585 te.
937 2519 1018 2586 Ecce
1043 2529 1211 2596 tenuerunt
1235 2524 1356 2587 animas
1386 2541 1462 2601 suas

233 2633 317 2677 mam
341 2632 432 2678 suam
457 2613 566 2703 perdet
589 2635 668 2680 eam:
680 2615 738 2703 qui
750 2610 818 2678 odit
865 2622 1047 2702 martyres,
1087 2622 1119 2680 et
1158 2613 1322 2701 quomodo
1357 2622 1462 2679 essent

233 2706 370 2770 animam
394 2728 484 2772 suam
525 2708 557 2770 in
582 2705 659 2771 ·hoc
698 2703 819 2772 mundo
868 2715 1032 2796 martyres,
1056 2699 1081 2771 01
1107 2726 1232 2795 semper
1255 2703 1461 2772 tenuissent?

233 2797 266 2862 in
290 2807 385 2864 vitam
408 2809 566 2866 aeternam
578 2797 718 2865 custodit
740 2819 821 2879 eam,
869 2795 932 2864 Sed
956 2818 1032 2865 ecce
1057 2794 1082 2862 sl
1106 2799 1288 2878 tenuissent,
1313 2794 1459 2886 nunquid

233 2898 267 2956 et
291 2889 423 2979 reliqua.
864 2910 970 2977 usque
995 2890 1024 2955 in
1042 2889 1232 2958 hodiernum
1244 2889 1410 2958 vixissent?
1426 2889 1459 2956 st

329 2983 466 3050 Homilia
492 2984 524 3050 S.
553 2983 719 3072 Augustini
869 2981 1014 3069 negando
1039 2983 1208 3061 Christum,
1233 3005 1307 3052 suas
1338 2985 1370 3050 in
1401 2981 1460 3050 hac

457 3077 615 3167 Episcopi.
665 3147 669 3154 ,
871 3073 936 3141 vita
973 3077 1092 3143 animas
1133 3079 1315 3156 tenuissent,
1355 3097 1461 3144 nonne

239 3121 314 3235 'lla
337 3169 523 3256 Evangelica
537 3171 622 3250 tuba,
640 3166 770 3258 quando
781 3167 823 3234 ait
868 3166 944 3234 olirn
969 3190 1008 3236 ex
1032 3169 1091 3238 hac
1117 3173 1315 3252 transissent,
1340 3169 1461 3240 01001-

236 3260 709 3352 Dominus3quiamatanimam
728 3283 820 3328 suam
866 3282 935 3331 mes
960 3265 1071 3352 011000
1096 3263 1337 3355 perdidissent?

235 3355 347 3443 perdet
358 3355 456 3435 illam,
480 3368 511 3424 et
527 3359 584 3445 qni
601 3354 773 3446 perdiderit
785 3354 821 3420 il·
915 3357 948 3431 tl.
974 3357 1032 3422 Hic
1056 3369 1105 3424 est
1121 3379 1205 3426 vere.

237 3446 298 3512 lam
313 3461 439 3538 prop-ter
457 3471 508 3516 me
521 3451 657 3516 inveniet
673 3470 753 3522 eam,
770 3466 824 3513 ac·
1107 3453 1190 3531 Lect.
1208 3471 1250 3520 tx.

190 3552 199 3570 ’
235 3541 322 3605 censi
339 3552 414 3607 sunt
438 3543 600 3634 Martyres,
625 3551 657 3608 et
681 3541 825 3608 vicerunt
873 3493 962 3608 Sed
987 3545 1062 3632 quia
1088 3542 1244 3611 Christum
1270 3564 1334 3611 nnn
1364 3558 1460 3628 nega·
1504 3575 1509 3592 =

131 3630 132 3651 ¹
233 3633 312 3719 quia
336 3655 398 3698 non
421 3633 461 3702 de
484 3657 529 3716 se,
556 3635 670 3702 sedda
690 3636 823 3700 nomino
873 3645 996 3715 verunt,
1025 3637 1214 3706 transierunt
1237 3638 1277 3705 de
1295 3637 1460 3703 hocmun-

131 3738 132 3801 3
234 3724 524 3815 praesumpserunt.
549 3728 610 3808 Qui
636 3737 720 3792 amat
755 3728 824 3791 ani·
871 3725 914 3793 do
938 3727 977 3794 ad
993 3729 1124 3798 Patrem.
1144 3733 1353 3812 Quaesierunt
1370 3725 1460 3794 Chri-

131 3824 132 3853 *
234 3838 318 3882 mam
342 3840 432 3884 suern
457 3821 567 3909 perdet
605 3819 700 3895 illam,
741 3817 823 3884 duo·
868 3831 952 3886 stum
977 3821 1167 3904 confitendo,
1192 3831 1361 3891 tenuerunt
1392 3839 1460 3886 mo-

131 3932 132 3941 *
234 3909 297 3976 bus
321 3910 423 3978 modis
446 3915 579 4001 intelligi
603 3921 715 3999 potest,
734 3908 823 4001 quod
871 3913 992 3994 cienda,
1018 3937 1131 4003 magno
1148 3917 1239 3984 lucro
1254 3913 1461 4006 perdiderunt

234 4002 354 4070 dictum
379 4014 435 4071 est.
460 4008 520 4085 Qui
560 4017 645 4072 amat
683 4005 819 4072 animam
867 4007 989 4072 animas
1012 4029 1087 4074 suas
1110 4009 1239 4077 loeuum
1279 4004 1457 4098 perdentes,

232 4117 323 4166 suam
342 4097 453 4189 perdet
469 4098 561 4164 illam.
579 4100 610 4165 81
628 4119 715 4164 amas
733 4097 817 4164 illam
865 4117 1014 4166 coronam
1056 4113 1281 4191 promerentes,
1308 4111 1340 4167 01
1362 4101 1458 4166 vitam

233 4191 341 4281 perdis
356 4214 437 4272 eam,
462 4201 494 4259 et
505 4191 681 4260 aliomodo.
697 4191 772 4258 Noli
786 4213 820 4258 a·
868 4193 936 4261 sine
960 4191 1022 4262 fine
1046 4206 1196 4264 tenentes.
1230 4197 1278 4262 Fit
1309 4191 1458 4282 denique,

232 4303 321 4353 mare
360 4305 401 4356 ne
422 4283 547 4378 perdas.
581 4287 671 4355 Prior
702 4281 820 4354 modus
867 4285 931 4356 imo
955 4285 1073 4358 lactum
1098 4296 1147 4366 est
1169 4290 1200 4360 in
1213 4289 1269 4372 eis,
1283 4285 1378 4380 -quod
1395 4287 1459 4354 Do·
