<?xml version="1.0" encoding="UTF-8"?>
<!DOCTYPE html PUBLIC "-//W3C//DTD XHTML 1.0 Transitional//EN"
    "http://www.w3.org/TR/xhtml1/DTD/xhtml1-transitional.dtd">
<html xmlns="http://www.w3.org/1999/xhtml" xml:lang="en" lang="en">
 <head>
  <title>
</title>
<meta http-equiv="Content-Type" content="text/html;charset=utf-8" />
  <meta name='ocr-system' content='tesseract 3.04.00' />
  <meta name='ocr-capabilities' content='ocr_page ocr_carea ocr_par ocr_line ocrx_word'/>
</head>
<body>
  <div class='ocr_page' id='page_1' title='image "./officiasanctoru00churgoog/officiasanctoru00churgoog_0165.png"; bbox 0 0 3584 5034; ppageno 0'>
   <div class='ocr_carea' id='block_1_1' title="bbox 657 631 1474 702">
    <p class='ocr_par' dir='ltr' id='par_1_1' title="bbox 657 631 1474 702">
     <span class='ocr_line' id='line_1_1' title="bbox 657 631 1474 702; baseline 0.006 -5"><span class='ocrx_word' id='word_1_1' title='bbox 657 631 784 699; x_wconf 76' lang='lat' dir='ltr'><strong>FESEA</strong></span> <span class='ocrx_word' id='word_1_2' title='bbox 807 631 1053 700; x_wconf 74' lang='lat' dir='ltr'><strong>stinxi-:noxis</strong></span> <span class='ocrx_word' id='word_1_3' title='bbox 1407 636 1474 702; x_wconf 75' lang='lat' dir='ltr'><strong>tlt</strong></span> 
     </span>
    </p>
   </div>
   <div class='ocr_carea' id='block_1_2' title="bbox 232 739 1475 1394">
    <p class='ocr_par' dir='ltr' id='par_1_2' title="bbox 232 739 1475 1394">
     <span class='ocr_line' id='line_1_2' title="bbox 234 739 1472 836; baseline 0.002 -24"><span class='ocrx_word' id='word_1_4' title='bbox 234 762 291 812; x_wconf 84' lang='lat' dir='ltr'><strong>ves</strong></span> <span class='ocrx_word' id='word_1_5' title='bbox 312 740 514 833; x_wconf 76' lang='lat' dir='ltr'><strong>occisionis).</strong></span> <span class='ocrx_word' id='word_1_6' title='bbox 531 739 593 810; x_wconf 86' lang='lat' dir='ltr'><strong>Sed</strong></span> <span class='ocrx_word' id='word_1_7' title='bbox 611 741 644 810; x_wconf 90' lang='lat' dir='ltr'><strong>in</strong></span> <span class='ocrx_word' id='word_1_8' title='bbox 659 741 708 811; x_wconf 86' lang='lat' dir='ltr'><strong>his</strong></span> <span class='ocrx_word' id='word_1_9' title='bbox 724 744 826 810; x_wconf 86' lang='lat' dir='ltr'><strong>omni·</strong></span> <span class='ocrx_word' id='word_1_10' title='bbox 874 743 1078 825; x_wconf 77' lang='lat' dir='ltr'><strong>Maximiano,</strong></span> <span class='ocrx_word' id='word_1_11' title='bbox 1103 742 1305 813; x_wconf 78' lang='lat' dir='ltr'><strong>christianam</strong></span> <span class='ocrx_word' id='word_1_12' title='bbox 1344 745 1472 836; x_wconf 82' lang='lat' dir='ltr'><strong>roligio-</strong></span> 
     </span>
     <span class='ocr_line' id='line_1_3' title="bbox 232 833 1472 928; baseline 0.002 -24"><span class='ocrx_word' id='word_1_13' title='bbox 232 833 294 904; x_wconf 83' lang='lat' dir='ltr'><strong>bus</strong></span> <span class='ocrx_word' id='word_1_14' title='bbox 318 857 510 928; x_wconf 71' lang='lat' dir='ltr'><strong>superamus</strong></span> <span class='ocrx_word' id='word_1_15' title='bbox 527 846 657 927; x_wconf 90' lang='lat' dir='ltr'><strong>propter</strong></span> <span class='ocrx_word' id='word_1_16' title='bbox 673 837 828 927; x_wconf 90' lang='lat' dir='ltr'><strong>eum,qui</strong></span> <span class='ocrx_word' id='word_1_17' title='bbox 874 859 947 906; x_wconf 89' lang='lat' dir='ltr'><strong>nem</strong></span> <span class='ocrx_word' id='word_1_18' title='bbox 973 839 1050 906; x_wconf 88' lang='lat' dir='ltr'><strong>mire</strong></span> <span class='ocrx_word' id='word_1_19' title='bbox 1074 836 1248 906; x_wconf 86' lang='lat' dir='ltr'><strong>illustravit.</strong></span> <span class='ocrx_word' id='word_1_20' title='bbox 1273 838 1378 926; x_wconf 85' lang='lat' dir='ltr'><strong>Hujus</strong></span> <span class='ocrx_word' id='word_1_21' title='bbox 1411 839 1472 918; x_wconf 82' lang='lat' dir='ltr'><strong>viri</strong></span> 
     </span>
     <span class='ocr_line' id='line_1_4' title="bbox 234 929 1475 1023; baseline 0.005 -27"><span class='ocrx_word' id='word_1_22' title='bbox 234 929 343 998; x_wconf 80' lang='lat' dir='ltr'><strong>dilexit</strong></span> <span class='ocrx_word' id='word_1_23' title='bbox 368 951 435 997; x_wconf 89' lang='lat' dir='ltr'><strong>nos.</strong></span> <span class='ocrx_word' id='word_1_24' title='bbox 477 930 592 997; x_wconf 85' lang='lat' dir='ltr'><strong>Certus</strong></span> <span class='ocrx_word' id='word_1_25' title='bbox 629 952 700 996; x_wconf 92' lang='lat' dir='ltr'><strong>sum</strong></span> <span class='ocrx_word' id='word_1_26' title='bbox 736 931 831 1013; x_wconf 85' lang='lat' dir='ltr'><strong>enim,</strong></span> <span class='ocrx_word' id='word_1_27' title='bbox 879 933 1042 1010; x_wconf 86' lang='lat' dir='ltr'><strong>sanctitas,</strong></span> <span class='ocrx_word' id='word_1_28' title='bbox 1067 941 1099 998; x_wconf 93' lang='lat' dir='ltr'><strong>et</strong></span> <span class='ocrx_word' id='word_1_29' title='bbox 1121 931 1287 1021; x_wconf 89' lang='lat' dir='ltr'><strong>praeclara</strong></span> <span class='ocrx_word' id='word_1_30' title='bbox 1310 931 1395 1023; x_wconf 89' lang='lat' dir='ltr'><strong>apud</strong></span> <span class='ocrx_word' id='word_1_31' title='bbox 1406 933 1475 1002; x_wconf 84' lang='lat' dir='ltr'><strong>Ds-</strong></span> 
     </span>
     <span class='ocr_line' id='line_1_5' title="bbox 234 1024 1474 1114; baseline 0.004 -24"><span class='ocrx_word' id='word_1_32' title='bbox 234 1026 310 1113; x_wconf 91' lang='lat' dir='ltr'><strong>quia</strong></span> <span class='ocrx_word' id='word_1_33' title='bbox 335 1045 441 1113; x_wconf 89' lang='lat' dir='ltr'><strong>neque</strong></span> <span class='ocrx_word' id='word_1_34' title='bbox 467 1043 562 1104; x_wconf 90' lang='lat' dir='ltr'><strong>mors,</strong></span> <span class='ocrx_word' id='word_1_35' title='bbox 607 1045 711 1111; x_wconf 88' lang='lat' dir='ltr'><strong>neque</strong></span> <span class='ocrx_word' id='word_1_36' title='bbox 751 1024 829 1104; x_wconf 89' lang='lat' dir='ltr'><strong>vita,</strong></span> <span class='ocrx_word' id='word_1_37' title='bbox 874 1047 928 1090; x_wconf 89' lang='lat' dir='ltr'><strong>um</strong></span> <span class='ocrx_word' id='word_1_38' title='bbox 954 1025 1068 1092; x_wconf 85' lang='lat' dir='ltr'><strong>merita</strong></span> <span class='ocrx_word' id='word_1_39' title='bbox 1088 1035 1166 1092; x_wconf 89' lang='lat' dir='ltr'><strong>tunc</strong></span> <span class='ocrx_word' id='word_1_40' title='bbox 1190 1025 1326 1092; x_wconf 87' lang='lat' dir='ltr'><strong>maxime</strong></span> <span class='ocrx_word' id='word_1_41' title='bbox 1362 1035 1474 1114; x_wconf 82' lang='lat' dir='ltr'><strong>patue-</strong></span> 
     </span>
     <span class='ocr_line' id='line_1_6' title="bbox 233 1117 1472 1208; baseline 0.002 -25"><span class='ocrx_word' id='word_1_42' title='bbox 233 1137 341 1207; x_wconf 87' lang='lat' dir='ltr'><strong>ueque</strong></span> <span class='ocrx_word' id='word_1_43' title='bbox 359 1117 479 1204; x_wconf 80' lang='lat' dir='ltr'><strong>Angeli,</strong></span> <span class='ocrx_word' id='word_1_44' title='bbox 497 1139 602 1206; x_wconf 87' lang='lat' dir='ltr'><strong>neque</strong></span> <span class='ocrx_word' id='word_1_45' title='bbox 621 1117 830 1207; x_wconf 73' lang='lat' dir='ltr'><strong>principatus,</strong></span> <span class='ocrx_word' id='word_1_46' title='bbox 878 1127 963 1197; x_wconf 89' lang='lat' dir='ltr'><strong>runt,</strong></span> <span class='ocrx_word' id='word_1_47' title='bbox 989 1138 1063 1184; x_wconf 86' lang='lat' dir='ltr'><strong>cum</strong></span> <span class='ocrx_word' id='word_1_48' title='bbox 1086 1117 1260 1208; x_wconf 90' lang='lat' dir='ltr'><strong>aliquando</strong></span> <span class='ocrx_word' id='word_1_49' title='bbox 1278 1119 1310 1184; x_wconf 90' lang='lat' dir='ltr'><strong>iu</strong></span> <span class='ocrx_word' id='word_1_50' title='bbox 1332 1118 1472 1186; x_wconf 83' lang='lat' dir='ltr'><strong>Ecclesia</strong></span> 
     </span>
     <span class='ocr_line' id='line_1_7' title="bbox 235 1209 1472 1302; baseline 0.005 -26"><span class='ocrx_word' id='word_1_51' title='bbox 235 1232 342 1300; x_wconf 89' lang='lat' dir='ltr'><strong>neque</strong></span> <span class='ocrx_word' id='word_1_52' title='bbox 366 1211 508 1291; x_wconf 90' lang='lat' dir='ltr'><strong>virtutes,</strong></span> <span class='ocrx_word' id='word_1_53' title='bbox 536 1231 641 1300; x_wconf 87' lang='lat' dir='ltr'><strong>neque</strong></span> <span class='ocrx_word' id='word_1_54' title='bbox 666 1211 822 1291; x_wconf 88' lang='lat' dir='ltr'><strong>instantia,</strong></span> <span class='ocrx_word' id='word_1_55' title='bbox 872 1223 933 1302; x_wconf 87' lang='lat' dir='ltr'><strong>pro</strong></span> <span class='ocrx_word' id='word_1_56' title='bbox 960 1209 1054 1280; x_wconf 85' lang='lat' dir='ltr'><strong>officii</strong></span> <span class='ocrx_word' id='word_1_57' title='bbox 1072 1211 1121 1278; x_wconf 89' lang='lat' dir='ltr'><strong>sui</strong></span> <span class='ocrx_word' id='word_1_58' title='bbox 1162 1233 1295 1280; x_wconf 88' lang='lat' dir='ltr'><strong>munere</strong></span> <span class='ocrx_word' id='word_1_59' title='bbox 1335 1210 1472 1282; x_wconf 85' lang='lat' dir='ltr'><strong>divinam</strong></span> 
     </span>
     <span class='ocr_line' id='line_1_8' title="bbox 235 1303 1472 1394; baseline 0.003 -24"><span class='ocrx_word' id='word_1_60' title='bbox 235 1325 341 1393; x_wconf 87' lang='lat' dir='ltr'><strong>neque</strong></span> <span class='ocrx_word' id='word_1_61' title='bbox 366 1304 482 1381; x_wconf 86' lang='lat' dir='ltr'><strong>lutura,</strong></span> <span class='ocrx_word' id='word_1_62' title='bbox 519 1326 625 1392; x_wconf 86' lang='lat' dir='ltr'><strong>neque</strong></span> <span class='ocrx_word' id='word_1_63' title='bbox 665 1303 827 1384; x_wconf 76' lang='lat' dir='ltr'><strong>fortitudo,</strong></span> <span class='ocrx_word' id='word_1_64' title='bbox 878 1304 986 1391; x_wconf 80' lang='lat' dir='ltr'><strong>legens</strong></span> <span class='ocrx_word' id='word_1_65' title='bbox 1012 1305 1043 1372; x_wconf 89' lang='lat' dir='ltr'><strong>in</strong></span> <span class='ocrx_word' id='word_1_66' title='bbox 1066 1305 1277 1372; x_wconf 87' lang='lat' dir='ltr'><strong>sacrosanctis</strong></span> <span class='ocrx_word' id='word_1_67' title='bbox 1295 1305 1472 1394; x_wconf 73' lang='lat' dir='ltr'><strong>Evangelii</strong></span> 
     </span>
    </p>
   </div>
   <div class='ocr_carea' id='block_1_3' title="bbox 234 1387 1588 1486">
    <p class='ocr_par' dir='ltr' id='par_1_3' title="bbox 234 1387 1588 1486">
     <span class='ocr_line' id='line_1_9' title="bbox 234 1387 1588 1486; baseline 0.001 -24"><span class='ocrx_word' id='word_1_68' title='bbox 234 1395 606 1486; x_wconf 89' lang='lat' dir='ltr'><strong>nequealtitudo,neque</strong></span> <span class='ocrx_word' id='word_1_69' title='bbox 625 1396 830 1486; x_wconf 75' lang='lat' dir='ltr'><strong>protundum,</strong></span> <span class='ocrx_word' id='word_1_70' title='bbox 880 1395 1056 1466; x_wconf 80' lang='lat' dir='ltr'><strong>doctrinam</strong></span> <span class='ocrx_word' id='word_1_71' title='bbox 1073 1387 1473 1478; x_wconf 71' lang='lat' dir='ltr'><strong>Christiidoendiumcha-</strong></span> <span class='ocrx_word' id='word_1_72' title='bbox 1582 1391 1588 1400; x_wconf 81' lang='grc'><strong>’</strong></span> 
     </span>
    </p>
   </div>
   <div class='ocr_carea' id='block_1_4' title="bbox 163 1490 1475 2141">
    <p class='ocr_par' dir='ltr' id='par_1_4' title="bbox 163 1490 1475 1862">
     <span class='ocr_line' id='line_1_10' title="bbox 233 1490 1473 1581; baseline 0.003 -27"><span class='ocrx_word' id='word_1_73' title='bbox 233 1512 341 1578; x_wconf 90' lang='lat' dir='ltr'><strong>neque</strong></span> <span class='ocrx_word' id='word_1_74' title='bbox 365 1503 510 1556; x_wconf 88' lang='lat' dir='ltr'><strong>creatura</strong></span> <span class='ocrx_word' id='word_1_75' title='bbox 535 1491 595 1556; x_wconf 91' lang='lat' dir='ltr'><strong>alia</strong></span> <span class='ocrx_word' id='word_1_76' title='bbox 619 1491 734 1579; x_wconf 85' lang='lat' dir='ltr'><strong>poterit</strong></span> <span class='ocrx_word' id='word_1_77' title='bbox 773 1501 831 1558; x_wconf 84' lang='lat' dir='ltr'><strong>uo&#39;s</strong></span> <span class='ocrx_word' id='word_1_78' title='bbox 879 1492 988 1570; x_wconf 80' lang='lat' dir='ltr'><strong>nitatis,</strong></span> <span class='ocrx_word' id='word_1_79' title='bbox 1012 1513 1096 1580; x_wconf 89' lang='lat' dir='ltr'><strong>quae</strong></span> <span class='ocrx_word' id='word_1_80' title='bbox 1121 1491 1151 1561; x_wconf 92' lang='lat' dir='ltr'><strong>in</strong></span> <span class='ocrx_word' id='word_1_81' title='bbox 1176 1493 1245 1581; x_wconf 86' lang='lat' dir='ltr'><strong>ejus</strong></span> <span class='ocrx_word' id='word_1_82' title='bbox 1276 1491 1374 1562; x_wconf 86' lang='lat' dir='ltr'><strong>corde</strong></span> <span class='ocrx_word' id='word_1_83' title='bbox 1400 1490 1473 1558; x_wconf 63' lang='lat' dir='ltr'><strong>,dit-</strong></span> 
     </span>
     <span class='ocr_line' id='line_1_11' title="bbox 233 1582 1472 1673; baseline 0.002 -24"><span class='ocrx_word' id='word_1_84' title='bbox 233 1604 381 1673; x_wconf 89' lang='lat' dir='ltr'><strong>separare</strong></span> <span class='ocrx_word' id='word_1_85' title='bbox 404 1604 423 1650; x_wconf 90' lang='lat' dir='ltr'><strong>a</strong></span> <span class='ocrx_word' id='word_1_86' title='bbox 447 1584 601 1649; x_wconf 87' lang='lat' dir='ltr'><strong>charitate</strong></span> <span class='ocrx_word' id='word_1_87' title='bbox 633 1583 700 1663; x_wconf 86' lang='lat' dir='ltr'><strong>Dei,</strong></span> <span class='ocrx_word' id='word_1_88' title='bbox 743 1605 827 1672; x_wconf 86' lang='lat' dir='ltr'><strong>quae</strong></span> <span class='ocrx_word' id='word_1_89' title='bbox 876 1584 947 1650; x_wconf 87' lang='lat' dir='ltr'><strong>lusa</strong></span> <span class='ocrx_word' id='word_1_90' title='bbox 970 1596 1049 1664; x_wconf 90' lang='lat' dir='ltr'><strong>erat,</strong></span> <span class='ocrx_word' id='word_1_91' title='bbox 1075 1588 1215 1654; x_wconf 85' lang='lat' dir='ltr'><strong>exterius</strong></span> <span class='ocrx_word' id='word_1_92' title='bbox 1239 1587 1332 1652; x_wconf 88' lang='lat' dir='ltr'><strong>ctiam</strong></span> <span class='ocrx_word' id='word_1_93' title='bbox 1366 1582 1472 1653; x_wconf 88' lang='lat' dir='ltr'><strong>visibi-</strong></span> 
     </span>
     <span class='ocr_line' id='line_1_12' title="bbox 233 1675 1474 1766; baseline 0.003 -22"><span class='ocrx_word' id='word_1_94' title='bbox 233 1677 337 1744; x_wconf 84' lang='lat' dir='ltr'><strong>estin</strong></span> <span class='ocrx_word' id='word_1_95' title='bbox 361 1675 586 1762; x_wconf 68' lang='lat' dir='ltr'><strong>Christolesu</strong></span> <span class='ocrx_word' id='word_1_96' title='bbox 610 1677 745 1742; x_wconf 90' lang='lat' dir='ltr'><strong>Domino</strong></span> <span class='ocrx_word' id='word_1_97' title='bbox 769 1697 826 1743; x_wconf 89' lang='lat' dir='ltr'><strong>no·</strong></span> <span class='ocrx_word' id='word_1_98' title='bbox 875 1676 896 1743; x_wconf 91' lang='lat' dir='ltr'><strong>li</strong></span> <span class='ocrx_word' id='word_1_99' title='bbox 921 1679 1011 1766; x_wconf 79' lang='lat' dir='ltr'><strong>siguo</strong></span> <span class='ocrx_word' id='word_1_100' title='bbox 1039 1677 1202 1747; x_wconf 86' lang='lat' dir='ltr'><strong>evidenter</strong></span> <span class='ocrx_word' id='word_1_101' title='bbox 1230 1679 1372 1745; x_wconf 81' lang='lat' dir='ltr'><strong>innotuit:</strong></span> <span class='ocrx_word' id='word_1_102' title='bbox 1408 1689 1474 1748; x_wconf 83' lang='lat' dir='ltr'><strong>ele·</strong></span> 
     </span>
     <span class='ocr_line' id='line_1_13' title="bbox 163 1771 1475 1862; baseline 0.003 -26"><span class='ocrx_word' id='word_1_103' title='bbox 163 1837 168 1846; x_wconf 78' lang='grc'><strong>,</strong></span> <span class='ocrx_word' id='word_1_104' title='bbox 235 1780 312 1842; x_wconf 87' lang='lat' dir='ltr'><strong>stro.</strong></span> <span class='ocrx_word' id='word_1_105' title='bbox 676 1779 680 1788; x_wconf 92' lang='grc'><strong><em>’</em></strong></span> <span class='ocrx_word' id='word_1_106' title='bbox 753 1831 756 1834; x_wconf 81' lang='grc'>,</span> <span class='ocrx_word' id='word_1_107' title='bbox 880 1771 944 1837; x_wconf 84' lang='lat' dir='ltr'><strong>nixu</strong></span> <span class='ocrx_word' id='word_1_108' title='bbox 972 1773 1054 1839; x_wconf 89' lang='lat' dir='ltr'><strong>illico</strong></span> <span class='ocrx_word' id='word_1_109' title='bbox 1079 1793 1098 1838; x_wconf 87' lang='lat' dir='ltr'><strong>e</strong></span> <span class='ocrx_word' id='word_1_110' title='bbox 1122 1792 1214 1839; x_wconf 89' lang='lat' dir='ltr'><strong>sacro</strong></span> <span class='ocrx_word' id='word_1_111' title='bbox 1255 1771 1337 1838; x_wconf 90' lang='lat' dir='ltr'><strong>illins</strong></span> <span class='ocrx_word' id='word_1_112' title='bbox 1372 1773 1475 1862; x_wconf 86' lang='lat' dir='ltr'><strong>capito</strong></span> 
     </span>
    </p>

    <p class='ocr_par' dir='ltr' id='par_1_5' title="bbox 233 1860 1475 2141">
     <span class='ocr_line' id='line_1_14' title="bbox 280 1860 1474 1952; baseline 0.006 -25"><span class='ocrx_word' id='word_1_113' title='bbox 280 1870 307 1942; x_wconf 72' lang='lat' dir='ltr'><strong>h</strong></span> <span class='ocrx_word' id='word_1_114' title='bbox 337 1865 493 1951; x_wconf 83' lang='lat' dir='ltr'><strong>Aspeotus</strong></span> <span class='ocrx_word' id='word_1_115' title='bbox 518 1862 588 1950; x_wconf 90' lang='lat' dir='ltr'><strong>ejus</strong></span> <span class='ocrx_word' id='word_1_116' title='bbox 603 1863 695 1951; x_wconf 87' lang='lat' dir='ltr'><strong>quasi</strong></span> <span class='ocrx_word' id='word_1_117' title='bbox 714 1860 826 1928; x_wconf 61' lang='lat' dir='ltr'><strong>oarboe</strong></span> <span class='ocrx_word' id='word_1_118' title='bbox 875 1862 1020 1932; x_wconf 83' lang='lat' dir='ltr'><strong>flammae</strong></span> <span class='ocrx_word' id='word_1_119' title='bbox 1059 1865 1141 1952; x_wconf 80' lang='lat' dir='ltr'><strong>ignis</strong></span> <span class='ocrx_word' id='word_1_120' title='bbox 1180 1887 1352 1952; x_wconf 82' lang='lat' dir='ltr'><strong>exsurgere</strong></span> <span class='ocrx_word' id='word_1_121' title='bbox 1386 1867 1474 1934; x_wconf 82' lang='lat' dir='ltr'><strong>visae</strong></span> 
     </span>
     <span class='ocr_line' id='line_1_15' title="bbox 233 1955 1475 2046; baseline 0.001 -25"><span class='ocrx_word' id='word_1_122' title='bbox 233 1977 311 2022; x_wconf 92' lang='lat' dir='ltr'><strong>uum</strong></span> <span class='ocrx_word' id='word_1_123' title='bbox 337 1956 415 2042; x_wconf 80' lang='lat' dir='ltr'><strong>ignis</strong></span> <span class='ocrx_word' id='word_1_124' title='bbox 444 1955 634 2036; x_wconf 80' lang='lat' dir='ltr'><strong>ardentium,</strong></span> <span class='ocrx_word' id='word_1_125' title='bbox 668 1965 699 2021; x_wconf 87' lang='lat' dir='ltr'><strong>at</strong></span> <span class='ocrx_word' id='word_1_126' title='bbox 733 1956 825 2046; x_wconf 85' lang='lat' dir='ltr'><strong>quasi</strong></span> <span class='ocrx_word' id='word_1_127' title='bbox 874 1956 1011 2024; x_wconf 90' lang='lat' dir='ltr'><strong>luerunt.</strong></span> <span class='ocrx_word' id='word_1_128' title='bbox 1030 1956 1246 2039; x_wconf 83' lang='lat' dir='ltr'><strong>Quamobrem</strong></span> <span class='ocrx_word' id='word_1_129' title='bbox 1270 1968 1404 2028; x_wconf 89' lang='lat' dir='ltr'><strong>sanctus</strong></span> <span class='ocrx_word' id='word_1_130' title='bbox 1423 1960 1475 2025; x_wconf 89' lang='lat' dir='ltr'><strong>la·</strong></span> 
     </span>
     <span class='ocr_line' id='line_1_16' title="bbox 233 2046 1474 2141; baseline 0 -26"><span class='ocrx_word' id='word_1_131' title='bbox 233 2060 382 2138; x_wconf 86' lang='lat' dir='ltr'><strong>aspectus</strong></span> <span class='ocrx_word' id='word_1_132' title='bbox 395 2048 623 2136; x_wconf 78' lang='lat' dir='ltr'><strong>lampadarum:</strong></span> <span class='ocrx_word' id='word_1_133' title='bbox 642 2046 661 2087; x_wconf 73' lang='lat'><strong>&#39;¹‘</strong></span> <span class='ocrx_word' id='word_1_134' title='bbox 681 2047 738 2118; x_wconf 89' lang='lat' dir='ltr'><strong>Ubi</strong></span> <span class='ocrx_word' id='word_1_135' title='bbox 756 2059 823 2115; x_wconf 89' lang='lat' dir='ltr'><strong>erat</strong></span> <span class='ocrx_word' id='word_1_136' title='bbox 872 2053 1002 2118; x_wconf 87' lang='lat' dir='ltr'><strong>nuarius</strong></span> <span class='ocrx_word' id='word_1_137' title='bbox 1023 2052 1188 2120; x_wconf 87' lang='lat' dir='ltr'><strong>Beneventi</strong></span> <span class='ocrx_word' id='word_1_138' title='bbox 1207 2050 1398 2141; x_wconf 87' lang='lat' dir='ltr'><strong>Episcopus,</strong></span> <span class='ocrx_word' id='word_1_139' title='bbox 1416 2049 1474 2138; x_wconf 89' lang='lat' dir='ltr'><strong>qui</strong></span> 
     </span>
    </p>
   </div>
   <div class='ocr_carea' id='block_1_5' title="bbox 233 2141 1501 2233">
    <p class='ocr_par' dir='ltr' id='par_1_6' title="bbox 233 2141 1501 2233">
     <span class='ocr_line' id='line_1_17' title="bbox 233 2141 1501 2233; baseline 0.005 -28"><span class='ocrx_word' id='word_1_140' title='bbox 233 2141 831 2233; x_wconf 79' lang='lat' dir='ltr'><strong>impetusspiritu&#39;s,illucgradiehatur.</strong></span> <span class='ocrx_word' id='word_1_141' title='bbox 879 2143 961 2209; x_wconf 83' lang='lat' dir='ltr'><strong>iurta</strong></span> <span class='ocrx_word' id='word_1_142' title='bbox 986 2154 1061 2210; x_wconf 90' lang='lat' dir='ltr'><strong>tuno</strong></span> <span class='ocrx_word' id='word_1_143' title='bbox 1092 2143 1211 2222; x_wconf 90' lang='lat' dir='ltr'><strong>aderat,</strong></span> <span class='ocrx_word' id='word_1_144' title='bbox 1253 2143 1312 2213; x_wconf 89' lang='lat' dir='ltr'><strong>hac</strong></span> <span class='ocrx_word' id='word_1_145' title='bbox 1352 2143 1501 2211; x_wconf 81' lang='lat' dir='ltr'><strong>visione</strong></span> 
     </span>
    </p>
   </div>
   <div class='ocr_carea' id='block_1_6' title="bbox 177 2235 1475 2972">
    <p class='ocr_par' dir='ltr' id='par_1_7' title="bbox 233 2235 1475 2516">
     <span class='ocr_line' id='line_1_18' title="bbox 281 2235 1473 2326; baseline 0 -22"><span class='ocrx_word' id='word_1_146' title='bbox 281 2244 311 2304; x_wconf 76' lang='lat' dir='ltr'><strong>i.</strong></span> <span class='ocrx_word' id='word_1_147' title='bbox 337 2235 405 2300; x_wconf 83' lang='lat' dir='ltr'><strong>Lux</strong></span> <span class='ocrx_word' id='word_1_148' title='bbox 428 2249 497 2300; x_wconf 88' lang='lat' dir='ltr'><strong>orta</strong></span> <span class='ocrx_word' id='word_1_149' title='bbox 522 2245 570 2300; x_wconf 90' lang='lat' dir='ltr'><strong>est</strong></span> <span class='ocrx_word' id='word_1_150' title='bbox 589 2235 688 2322; x_wconf 86' lang='lat' dir='ltr'><strong>justo,</strong></span> <span class='ocrx_word' id='word_1_151' title='bbox 715 2246 746 2301; x_wconf 89' lang='lat' dir='ltr'><strong>et</strong></span> <span class='ocrx_word' id='word_1_152' title='bbox 778 2257 829 2303; x_wconf 89' lang='lat' dir='ltr'><strong>re·</strong></span> <span class='ocrx_word' id='word_1_153' title='bbox 876 2235 1021 2318; x_wconf 89' lang='lat' dir='ltr'><strong>edoctus,</strong></span> <span class='ocrx_word' id='word_1_154' title='bbox 1047 2236 1176 2304; x_wconf 85' lang='lat' dir='ltr'><strong>beatum</strong></span> <span class='ocrx_word' id='word_1_155' title='bbox 1202 2237 1332 2305; x_wconf 87' lang='lat' dir='ltr'><strong>levitam</strong></span> <span class='ocrx_word' id='word_1_156' title='bbox 1358 2257 1417 2326; x_wconf 91' lang='lat' dir='ltr'><strong>pro</strong></span> <span class='ocrx_word' id='word_1_157' title='bbox 1437 2235 1473 2304; x_wconf 83' lang='lat' dir='ltr'><strong>d-</strong></span> 
     </span>
     <span class='ocr_line' id='line_1_19' title="bbox 233 2327 1471 2418; baseline -0.001 -22"><span class='ocrx_word' id='word_1_158' title='bbox 233 2328 293 2396; x_wconf 83' lang='lat' dir='ltr'><strong>otis</strong></span> <span class='ocrx_word' id='word_1_159' title='bbox 316 2327 413 2394; x_wconf 89' lang='lat' dir='ltr'><strong>corde</strong></span> <span class='ocrx_word' id='word_1_160' title='bbox 439 2328 564 2394; x_wconf 89' lang='lat' dir='ltr'><strong>laetitia.</strong></span> <span class='ocrx_word' id='word_1_161' title='bbox 581 2327 642 2396; x_wconf 85' lang='lat' dir='ltr'><strong>Ubi</strong></span> <span class='ocrx_word' id='word_1_162' title='bbox 661 2339 735 2397; x_wconf 87' lang='lat' dir='ltr'><strong>erat.</strong></span> <span class='ocrx_word' id='word_1_163' title='bbox 753 2329 832 2396; x_wconf 85' lang='lat' dir='ltr'><strong>Glo-</strong></span> <span class='ocrx_word' id='word_1_164' title='bbox 877 2328 920 2396; x_wconf 90' lang='lat' dir='ltr'><strong>de</strong></span> <span class='ocrx_word' id='word_1_165' title='bbox 945 2331 1076 2398; x_wconf 88' lang='lat' dir='ltr'><strong>viriliter</strong></span> <span class='ocrx_word' id='word_1_166' title='bbox 1100 2341 1294 2398; x_wconf 84' lang='lat' dir='ltr'><strong>certaturum</strong></span> <span class='ocrx_word' id='word_1_167' title='bbox 1333 2334 1471 2418; x_wconf 83' lang='lat' dir='ltr'><strong>agnovit,</strong></span> 
     </span>
     <span class='ocr_line' id='line_1_20' title="bbox 234 2420 1475 2516; baseline 0.002 -28"><span class='ocrx_word' id='word_1_168' title='bbox 234 2422 282 2488; x_wconf 88' lang='lat' dir='ltr'><strong>ria</strong></span> <span class='ocrx_word' id='word_1_169' title='bbox 306 2421 397 2487; x_wconf 86' lang='lat' dir='ltr'><strong>l‘atri.</strong></span> <span class='ocrx_word' id='word_1_170' title='bbox 422 2420 485 2490; x_wconf 89' lang='lat' dir='ltr'><strong>Ubi</strong></span> <span class='ocrx_word' id='word_1_171' title='bbox 508 2430 584 2487; x_wconf 90' lang='lat' dir='ltr'><strong>erat.</strong></span> <span class='ocrx_word' id='word_1_172' title='bbox 629 2448 631 2453; x_wconf 96' lang='lat'>·</span> <span class='ocrx_word' id='word_1_173' title='bbox 707 2493 710 2498; x_wconf 54' lang='grc'><strong>,</strong></span> <span class='ocrx_word' id='word_1_174' title='bbox 873 2445 1018 2512; x_wconf 89' lang='lat' dir='ltr'><strong>eumque</strong></span> <span class='ocrx_word' id='word_1_175' title='bbox 1043 2423 1155 2491; x_wconf 83' lang='lat' dir='ltr'><strong>Christi</strong></span> <span class='ocrx_word' id='word_1_176' title='bbox 1193 2434 1365 2516; x_wconf 83' lang='lat' dir='ltr'><strong>martyrem</strong></span> <span class='ocrx_word' id='word_1_177' title='bbox 1407 2421 1475 2490; x_wconf 86' lang='lat' dir='ltr'><strong>iuro</strong></span> 
     </span>
    </p>

    <p class='ocr_par' dir='ltr' id='par_1_8' title="bbox 177 2514 1475 2878">
     <span class='ocr_line' id='line_1_21' title="bbox 352 2514 1474 2584; baseline 0.003 -3"><span class='ocrx_word' id='word_1_178' title='bbox 352 2517 393 2581; x_wconf 78' lang='grc' dir='ltr'><strong>ΙΝ</strong></span> <span class='ocrx_word' id='word_1_179' title='bbox 419 2515 458 2580; x_wconf 93' lang='lat' dir='ltr'><strong>ll.</strong></span> <span class='ocrx_word' id='word_1_180' title='bbox 483 2514 706 2583; x_wconf 85' lang='lat' dir='ltr'><strong>NOCTURNO</strong></span> <span class='ocrx_word' id='word_1_181' title='bbox 879 2514 1095 2584; x_wconf 87' lang='lat' dir='ltr'><strong>indubitanter</strong></span> <span class='ocrx_word' id='word_1_182' title='bbox 1129 2519 1278 2584; x_wconf 88' lang='lat' dir='ltr'><strong>asseruit.</strong></span> <span class='ocrx_word' id='word_1_183' title='bbox 1309 2518 1474 2584; x_wconf 49' lang='lat' dir='ltr'><strong>¹Faustum</strong></span> 
     </span>
     <span class='ocr_line' id='line_1_22' title="bbox 177 2607 1398 2700; baseline 0 -26"><span class='ocrx_word' id='word_1_184' title='bbox 177 2667 181 2674; x_wconf 88' lang='lat'><em>.</em></span> <span class='ocrx_word' id='word_1_185' title='bbox 280 2607 406 2696; x_wconf 82' lang='lat' dir='ltr'><strong>Antiph.</strong></span> <span class='ocrx_word' id='word_1_186' title='bbox 441 2607 605 2696; x_wconf 82' lang='lat' dir='ltr'><strong>Signatum</strong></span> <span class='ocrx_word' id='word_1_187' title='bbox 644 2619 693 2675; x_wconf 89' lang='lat' dir='ltr'><strong>est</strong></span> <span class='ocrx_word' id='word_1_188' title='bbox 731 2629 829 2700; x_wconf 89' lang='lat' dir='ltr'><strong>super</strong></span> <span class='ocrx_word' id='word_1_189' title='bbox 876 2611 1060 2676; x_wconf 87' lang='lat' dir='ltr'><strong>vaticinium</strong></span> <span class='ocrx_word' id='word_1_190' title='bbox 1085 2608 1234 2699; x_wconf 89' lang='lat' dir='ltr'><strong>probavit</strong></span> <span class='ocrx_word' id='word_1_191' title='bbox 1255 2619 1398 2676; x_wconf 88' lang='lat' dir='ltr'><strong>eventus.</strong></span> 
     </span>
     <span class='ocr_line' id='line_1_23' title="bbox 233 2700 1474 2786; baseline 0.001 -18"><span class='ocrx_word' id='word_1_192' title='bbox 233 2721 286 2768; x_wconf 86' lang='lat' dir='ltr'><strong>me</strong></span> <span class='ocrx_word' id='word_1_193' title='bbox 310 2700 417 2768; x_wconf 84' lang='lat' dir='ltr'><strong>lumen</strong></span> <span class='ocrx_word' id='word_1_194' title='bbox 443 2701 551 2767; x_wconf 91' lang='lat' dir='ltr'><strong>vultus</strong></span> <span class='ocrx_word' id='word_1_195' title='bbox 574 2704 646 2781; x_wconf 88' lang='lat' dir='ltr'><strong>tui,</strong></span> <span class='ocrx_word' id='word_1_196' title='bbox 674 2703 829 2785; x_wconf 90' lang='lat' dir='ltr'><strong>Domine,</strong></span> <span class='ocrx_word' id='word_1_197' title='bbox 923 2710 964 2786; x_wconf 64' lang='lat' dir='ltr'><strong>vi·</strong></span> <span class='ocrx_word' id='word_1_198' title='bbox 981 2705 1115 2772; x_wconf 84' lang='lat' dir='ltr'><strong>Dextera</strong></span> <span class='ocrx_word' id='word_1_199' title='bbox 1140 2701 1263 2769; x_wconf 88' lang='lat' dir='ltr'><strong>Domini</strong></span> <span class='ocrx_word' id='word_1_200' title='bbox 1284 2700 1358 2768; x_wconf 89' lang='lat' dir='ltr'><strong>lecit</strong></span> <span class='ocrx_word' id='word_1_201' title='bbox 1375 2701 1474 2770; x_wconf 89' lang='lat' dir='ltr'><strong>virtu·</strong></span> 
     </span>
     <span class='ocr_line' id='line_1_24' title="bbox 234 2792 1475 2878; baseline 0.001 -18"><span class='ocrx_word' id='word_1_202' title='bbox 234 2792 348 2861; x_wconf 90' lang='lat' dir='ltr'><strong>dedisti</strong></span> <span class='ocrx_word' id='word_1_203' title='bbox 373 2793 523 2860; x_wconf 89' lang='lat' dir='ltr'><strong>laetitiam</strong></span> <span class='ocrx_word' id='word_1_204' title='bbox 548 2796 580 2858; x_wconf 92' lang='lat' dir='ltr'><strong>iu</strong></span> <span class='ocrx_word' id='word_1_205' title='bbox 605 2794 704 2862; x_wconf 88' lang='lat' dir='ltr'><strong>corde</strong></span> <span class='ocrx_word' id='word_1_206' title='bbox 729 2817 809 2863; x_wconf 84' lang='lat' dir='ltr'><strong>nieo.</strong></span> <span class='ocrx_word' id='word_1_207' title='bbox 873 2805 958 2876; x_wconf 86' lang='lat' dir='ltr'><strong>tem,</strong></span> <span class='ocrx_word' id='word_1_208' title='bbox 989 2796 1119 2878; x_wconf 82' lang='lat' dir='ltr'><strong>dextera</strong></span> <span class='ocrx_word' id='word_1_209' title='bbox 1162 2793 1287 2861; x_wconf 89' lang='lat' dir='ltr'><strong>Domini</strong></span> <span class='ocrx_word' id='word_1_210' title='bbox 1327 2795 1475 2864; x_wconf 85' lang='lat' dir='ltr'><strong>exaltavit</strong></span> 
     </span>
    </p>

    <p class='ocr_par' dir='ltr' id='par_1_9' title="bbox 280 2887 1475 2972">
     <span class='ocr_line' id='line_1_25' title="bbox 280 2887 1475 2972; baseline -0.002 -16"><span class='ocrx_word' id='word_1_211' title='bbox 280 2889 369 2956; x_wconf 79' lang='lat' dir='ltr'><strong>Psoi.-</strong></span> <span class='ocrx_word' id='word_1_212' title='bbox 397 2888 427 2954; x_wconf 81' lang='lat' dir='ltr'><strong>l.</strong></span> <span class='ocrx_word' id='word_1_213' title='bbox 453 2890 534 2954; x_wconf 89' lang='lat' dir='ltr'><strong>Cum</strong></span> <span class='ocrx_word' id='word_1_214' title='bbox 560 2887 750 2954; x_wconf 83' lang='lat' dir='ltr'><strong>invocarem.</strong></span> <span class='ocrx_word' id='word_1_215' title='bbox 792 2933 795 2938; x_wconf 89' lang='lat'>-</span> <span class='ocrx_word' id='word_1_216' title='bbox 874 2889 970 2956; x_wconf 76' lang='lat' dir='ltr'><strong>met*</strong></span> <span class='ocrx_word' id='word_1_217' title='bbox 999 2892 1085 2958; x_wconf 90' lang='lat' dir='ltr'><strong>Deus</strong></span> <span class='ocrx_word' id='word_1_218' title='bbox 1108 2888 1276 2972; x_wconf 77' lang='lat' dir='ltr'><strong>DomiuuS,</strong></span> <span class='ocrx_word' id='word_1_219' title='bbox 1303 2899 1337 2958; x_wconf 89' lang='lat' dir='ltr'><strong>et</strong></span> <span class='ocrx_word' id='word_1_220' title='bbox 1371 2887 1475 2956; x_wconf 82' lang='lat' dir='ltr'><strong>illuxit</strong></span> 
     </span>
    </p>
   </div>
   <div class='ocr_carea' id='block_1_7' title="bbox 233 2970 1470 3331">
    <p class='ocr_par' dir='ltr' id='par_1_10' title="bbox 233 2970 1470 3331">
     <span class='ocr_line' id='line_1_26' title="bbox 280 2970 1006 3070; baseline 0.004 -23"><span class='ocrx_word' id='word_1_221' title='bbox 280 2980 406 3070; x_wconf 65' lang='lat' dir='ltr'><strong>antiph.</strong></span> <span class='ocrx_word' id='word_1_222' title='bbox 433 2985 518 3049; x_wconf 87' lang='lat' dir='ltr'><strong>Deus</strong></span> <span class='ocrx_word' id='word_1_223' title='bbox 550 3000 642 3058; x_wconf 80' lang='lat' dir='ltr'><strong>niens</strong></span> <span class='ocrx_word' id='word_1_224' title='bbox 665 2970 840 3049; x_wconf 85' lang='lat' dir='ltr'><strong>&#39;conclusit</strong></span> <span class='ocrx_word' id='word_1_225' title='bbox 877 2982 1006 3066; x_wconf 59' lang='lat' dir='ltr'><strong>uobis„</strong></span> 
     </span>
     <span class='ocr_line' id='line_1_27' title="bbox 233 3073 1469 3166; baseline 0.001 -25"><span class='ocrx_word' id='word_1_226' title='bbox 233 3092 290 3141; x_wconf 90' lang='lat' dir='ltr'><strong>ora</strong></span> <span class='ocrx_word' id='word_1_227' title='bbox 313 3074 454 3158; x_wconf 88' lang='lat' dir='ltr'><strong>leonum,</strong></span> <span class='ocrx_word' id='word_1_228' title='bbox 478 3083 510 3140; x_wconf 90' lang='lat' dir='ltr'><strong>et</strong></span> <span class='ocrx_word' id='word_1_229' title='bbox 541 3094 604 3141; x_wconf 91' lang='lat' dir='ltr'><strong>non</strong></span> <span class='ocrx_word' id='word_1_230' title='bbox 644 3086 826 3142; x_wconf 88' lang='lat' dir='ltr'><strong>nocuerunt</strong></span> <span class='ocrx_word' id='word_1_231' title='bbox 920 3084 947 3146; x_wconf 78' lang='lat' dir='ltr'><strong>i.</strong></span> <span class='ocrx_word' id='word_1_232' title='bbox 979 3079 1076 3159; x_wconf 91' lang='lat' dir='ltr'><strong>Deus,</strong></span> <span class='ocrx_word' id='word_1_233' title='bbox 1114 3077 1171 3166; x_wconf 91' lang='lat' dir='ltr'><strong>qui</strong></span> <span class='ocrx_word' id='word_1_234' title='bbox 1209 3073 1387 3166; x_wconf 82' lang='lat' dir='ltr'><strong>praecinxit</strong></span> <span class='ocrx_word' id='word_1_235' title='bbox 1418 3095 1469 3142; x_wconf 89' lang='lat' dir='ltr'><strong>me</strong></span> 
     </span>
     <span class='ocr_line' id='line_1_28' title="bbox 233 3165 1470 3266; baseline 0.001 -33"><span class='ocrx_word' id='word_1_236' title='bbox 233 3165 321 3233; x_wconf 90' lang='lat' dir='ltr'><strong>mihi.</strong></span> <span class='ocrx_word' id='word_1_237' title='bbox 844 3169 1002 3266; x_wconf 43' lang='lat' dir='ltr'><strong>uirtute,</strong></span> <span class='ocrx_word' id='word_1_238' title='bbox 1027 3182 1059 3238; x_wconf 90' lang='lat' dir='ltr'><strong>et</strong></span> <span class='ocrx_word' id='word_1_239' title='bbox 1082 3173 1188 3261; x_wconf 89' lang='lat' dir='ltr'><strong>posuit</strong></span> <span class='ocrx_word' id='word_1_240' title='bbox 1229 3168 1470 3234; x_wconf 85' lang='lat' dir='ltr'><strong>immaculatam</strong></span> 
     </span>
     <span class='ocr_line' id='line_1_29' title="bbox 279 3260 1430 3331; baseline -0.003 -2"><span class='ocrx_word' id='word_1_241' title='bbox 279 3263 364 3330; x_wconf 85' lang='lat' dir='ltr'><strong>Psol.</strong></span> <span class='ocrx_word' id='word_1_242' title='bbox 392 3264 421 3328; x_wconf 88' lang='lat'><strong>5.</strong></span> <span class='ocrx_word' id='word_1_243' title='bbox 445 3260 550 3330; x_wconf 85' lang='lat' dir='ltr'><strong>Verba</strong></span> <span class='ocrx_word' id='word_1_244' title='bbox 574 3281 654 3326; x_wconf 89' lang='lat' dir='ltr'><strong>mea.</strong></span> <span class='ocrx_word' id='word_1_245' title='bbox 878 3263 961 3331; x_wconf 87' lang='lat' dir='ltr'><strong>viam</strong></span> <span class='ocrx_word' id='word_1_246' title='bbox 988 3285 1099 3331; x_wconf 87' lang='lat' dir='ltr'><strong>meam.</strong></span> <span class='ocrx_word' id='word_1_247' title='bbox 1125 3264 1211 3331; x_wconf 85' lang='lat' dir='ltr'><strong>Deus</strong></span> <span class='ocrx_word' id='word_1_248' title='bbox 1235 3261 1398 3328; x_wconf 85' lang='lat' dir='ltr'><strong>Dominus</strong></span> <span class='ocrx_word' id='word_1_249' title='bbox 1427 3314 1430 3326; x_wconf 90' lang='lat'>.</span> 
     </span>
    </p>
   </div>
   <div class='ocr_carea' id='block_1_8' title="bbox 181 3351 1474 4098">
    <p class='ocr_par' dir='ltr' id='par_1_11' title="bbox 181 3351 1474 4098">
     <span class='ocr_line' id='line_1_30' title="bbox 278 3351 1233 3445; baseline -0.002 -25"><span class='ocrx_word' id='word_1_250' title='bbox 278 3355 403 3444; x_wconf 80' lang='lat' dir='ltr'><strong>Anti&#39;pli.</strong></span> <span class='ocrx_word' id='word_1_251' title='bbox 430 3355 566 3445; x_wconf 80' lang='lat' dir='ltr'><strong>Ignitum</strong></span> <span class='ocrx_word' id='word_1_252' title='bbox 591 3351 757 3444; x_wconf 89' lang='lat' dir='ltr'><strong>eloquium</strong></span> <span class='ocrx_word' id='word_1_253' title='bbox 774 3363 826 3422; x_wconf 87' lang='lat' dir='ltr'><strong>tu·</strong></span> <span class='ocrx_word' id='word_1_254' title='bbox 1098 3359 1180 3423; x_wconf 86' lang='lat' dir='ltr'><strong>Leot.</strong></span> <span class='ocrx_word' id='word_1_255' title='bbox 1204 3374 1233 3422; x_wconf 89' lang='lat' dir='ltr'><strong>v.</strong></span> 
     </span>
     <span class='ocr_line' id='line_1_31' title="bbox 230 3403 1472 3546; baseline 0.001 -34"><span class='ocrx_word' id='word_1_256' title='bbox 230 3467 287 3512; x_wconf 91' lang='lat' dir='ltr'><strong>um</strong></span> <span class='ocrx_word' id='word_1_257' title='bbox 312 3448 524 3527; x_wconf 87' lang='lat' dir='ltr'><strong>vehementer,</strong></span> <span class='ocrx_word' id='word_1_258' title='bbox 549 3457 580 3514; x_wconf 90' lang='lat' dir='ltr'><strong>et</strong></span> <span class='ocrx_word' id='word_1_259' title='bbox 604 3467 717 3514; x_wconf 87' lang='lat' dir='ltr'><strong>servus</strong></span> <span class='ocrx_word' id='word_1_260' title='bbox 736 3458 821 3530; x_wconf 86' lang='lat' dir='ltr'><strong>tuus,</strong></span> <span class='ocrx_word' id='word_1_261' title='bbox 877 3403 982 3516; x_wconf 65' lang='lat' dir='ltr'><strong>Nam</strong></span> <span class='ocrx_word' id='word_1_262' title='bbox 1009 3451 1120 3517; x_wconf 90' lang='lat' dir='ltr'><strong>Sosius</strong></span> <span class='ocrx_word' id='word_1_263' title='bbox 1140 3449 1234 3546; x_wconf 79' lang='lat' dir='ltr'><strong>jussu</strong></span> <span class='ocrx_word' id='word_1_264' title='bbox 1277 3445 1472 3537; x_wconf 85' lang='lat' dir='ltr'><strong>Campaniae</strong></span> 
     </span>
     <span class='ocr_line' id='line_1_32' title="bbox 234 3539 1472 3634; baseline 0.001 -29"><span class='ocrx_word' id='word_1_265' title='bbox 234 3540 381 3622; x_wconf 84' lang='lat' dir='ltr'><strong>Domine,</strong></span> <span class='ocrx_word' id='word_1_266' title='bbox 404 3543 514 3610; x_wconf 82' lang='lat' dir='ltr'><strong>dilexit</strong></span> <span class='ocrx_word' id='word_1_267' title='bbox 538 3539 626 3607; x_wconf 91' lang='lat' dir='ltr'><strong>illud.</strong></span> <span class='ocrx_word' id='word_1_268' title='bbox 876 3542 1034 3619; x_wconf 79' lang='lat' dir='ltr'><strong>Praesidis</strong></span> <span class='ocrx_word' id='word_1_269' title='bbox 1073 3542 1333 3634; x_wconf 80' lang='lat' dir='ltr'><strong>conrprehensuS,</strong></span> <span class='ocrx_word' id='word_1_270' title='bbox 1353 3562 1427 3608; x_wconf 89' lang='lat' dir='ltr'><strong>cum</strong></span> <span class='ocrx_word' id='word_1_271' title='bbox 1452 3563 1472 3606; x_wconf 88' lang='lat' dir='ltr'><strong>a</strong></span> 
     </span>
     <span class='ocr_line' id='line_1_33' title="bbox 279 3634 1472 3724; baseline -0.002 -24"><span class='ocrx_word' id='word_1_272' title='bbox 279 3634 367 3700; x_wconf 88' lang='lat' dir='ltr'><strong>Psol.</strong></span> <span class='ocrx_word' id='word_1_273' title='bbox 391 3638 421 3704; x_wconf 88' lang='lat'><strong>8.</strong></span> <span class='ocrx_word' id='word_1_274' title='bbox 447 3635 580 3702; x_wconf 92' lang='lat' dir='ltr'><strong>Domine</strong></span> <span class='ocrx_word' id='word_1_275' title='bbox 594 3635 753 3702; x_wconf 89' lang='lat' dir='ltr'><strong>Dominus</strong></span> <span class='ocrx_word' id='word_1_276' title='bbox 768 3655 827 3704; x_wconf 89' lang='lat' dir='ltr'><strong>no·</strong></span> <span class='ocrx_word' id='word_1_277' title='bbox 873 3635 938 3703; x_wconf 88' lang='lat' dir='ltr'><strong>fide</strong></span> <span class='ocrx_word' id='word_1_278' title='bbox 963 3636 1120 3704; x_wconf 89' lang='lat' dir='ltr'><strong>servanda</strong></span> <span class='ocrx_word' id='word_1_279' title='bbox 1145 3634 1232 3702; x_wconf 93' lang='lat' dir='ltr'><strong>uullo</strong></span> <span class='ocrx_word' id='word_1_280' title='bbox 1257 3645 1350 3724; x_wconf 84' lang='lat' dir='ltr'><strong>pacto</strong></span> <span class='ocrx_word' id='word_1_281' title='bbox 1368 3653 1472 3699; x_wconf 87' lang='lat' dir='ltr'><strong>remo-</strong></span> 
     </span>
     <span class='ocr_line' id='line_1_34' title="bbox 231 3723 1473 3821; baseline -0.002 -27"><span class='ocrx_word' id='word_1_282' title='bbox 231 3735 305 3802; x_wconf 81' lang='lat' dir='ltr'><strong>ster.</strong></span> <span class='ocrx_word' id='word_1_283' title='bbox 872 3731 937 3797; x_wconf 89' lang='lat' dir='ltr'><strong>veri</strong></span> <span class='ocrx_word' id='word_1_284' title='bbox 979 3743 1107 3821; x_wconf 86' lang='lat' dir='ltr'><strong>posset,</strong></span> <span class='ocrx_word' id='word_1_285' title='bbox 1150 3728 1190 3795; x_wconf 93' lang='lat' dir='ltr'><strong>ab</strong></span> <span class='ocrx_word' id='word_1_286' title='bbox 1234 3729 1330 3818; x_wconf 88' lang='lat' dir='ltr'><strong>impio</strong></span> <span class='ocrx_word' id='word_1_287' title='bbox 1361 3723 1473 3814; x_wconf 85' lang='lat' dir='ltr'><strong>judico</strong></span> 
     </span>
     <span class='ocr_line' id='line_1_35' title="bbox 239 3817 1474 3899; baseline -0.002 -12"><span class='ocrx_word' id='word_1_288' title='bbox 239 3871 243 3876; x_wconf 81' lang='lat'><em>-</em></span> <span class='ocrx_word' id='word_1_289' title='bbox 278 3835 307 3899; x_wconf 70' lang='lat' dir='ltr'><strong>p.</strong></span> <span class='ocrx_word' id='word_1_290' title='bbox 334 3821 470 3894; x_wconf 85' lang='lat' dir='ltr'><strong>Posuisti</strong></span> <span class='ocrx_word' id='word_1_291' title='bbox 495 3821 631 3888; x_wconf 90' lang='lat' dir='ltr'><strong>Domine</strong></span> <span class='ocrx_word' id='word_1_292' title='bbox 654 3817 714 3887; x_wconf 82' lang='lat' dir='ltr'><strong>e’tc.</strong></span> <span class='ocrx_word' id='word_1_293' title='bbox 746 3879 749 3883; x_wconf 92' lang='lat'><em>.</em></span> <span class='ocrx_word' id='word_1_294' title='bbox 878 3822 1048 3891; x_wconf 85' lang='lat' dir='ltr'><strong>damnatur</strong></span> <span class='ocrx_word' id='word_1_295' title='bbox 1082 3823 1123 3890; x_wconf 90' lang='lat' dir='ltr'><strong>ad</strong></span> <span class='ocrx_word' id='word_1_296' title='bbox 1148 3822 1273 3890; x_wconf 87' lang='lat' dir='ltr'><strong>bestias.</strong></span> <span class='ocrx_word' id='word_1_297' title='bbox 1300 3818 1427 3884; x_wconf 88' lang='lat' dir='ltr'><strong>Interim</strong></span> <span class='ocrx_word' id='word_1_298' title='bbox 1442 3818 1474 3885; x_wconf 92' lang='lat' dir='ltr'><strong>iu</strong></span> 
     </span>
     <span class='ocr_line' id='line_1_36' title="bbox 276 3910 1473 4002; baseline -0.003 -20"><span class='ocrx_word' id='word_1_299' title='bbox 276 3918 311 3998; x_wconf 68' lang='lat' dir='ltr'><strong>d.</strong></span> <span class='ocrx_word' id='word_1_300' title='bbox 335 3915 492 3982; x_wconf 84' lang='lat' dir='ltr'><strong>Coronam</strong></span> <span class='ocrx_word' id='word_1_301' title='bbox 519 3912 560 3980; x_wconf 91' lang='lat' dir='ltr'><strong>de</strong></span> <span class='ocrx_word' id='word_1_302' title='bbox 583 3911 688 4002; x_wconf 90' lang='lat' dir='ltr'><strong>lapide</strong></span> <span class='ocrx_word' id='word_1_303' title='bbox 711 3922 774 3980; x_wconf 88' lang='lat' dir='ltr'><strong>etc.</strong></span> <span class='ocrx_word' id='word_1_304' title='bbox 876 3936 1037 3986; x_wconf 88' lang='lat' dir='ltr'><strong>carcerem</strong></span> <span class='ocrx_word' id='word_1_305' title='bbox 1069 3916 1278 3982; x_wconf 89' lang='lat' dir='ltr'><strong>Puteolanum</strong></span> <span class='ocrx_word' id='word_1_306' title='bbox 1322 3910 1473 4002; x_wconf 79' lang='lat' dir='ltr'><strong>truditur,</strong></span> 
     </span>
     <span class='ocr_line' id='line_1_37' title="bbox 181 4003 1473 4098; baseline -0.002 -24"><span class='ocrx_word' id='word_1_307' title='bbox 181 4003 187 4008; x_wconf 20' lang='grc' dir='ltr'><strong><em>Δ</em></strong></span> <span class='ocrx_word' id='word_1_308' title='bbox 470 4009 551 4075; x_wconf 78' lang='lat' dir='ltr'><strong>Loci.</strong></span> <span class='ocrx_word' id='word_1_309' title='bbox 577 4026 617 4072; x_wconf 86' lang='lat' dir='ltr'><strong>vv.</strong></span> <span class='ocrx_word' id='word_1_310' title='bbox 876 4010 908 4075; x_wconf 92' lang='lat' dir='ltr'><strong>in</strong></span> <span class='ocrx_word' id='word_1_311' title='bbox 932 4032 1029 4098; x_wconf 87' lang='lat' dir='ltr'><strong>quem</strong></span> <span class='ocrx_word' id='word_1_312' title='bbox 1054 4021 1086 4075; x_wconf 89' lang='lat' dir='ltr'><strong>et</strong></span> <span class='ocrx_word' id='word_1_313' title='bbox 1110 4006 1266 4076; x_wconf 87' lang='lat' dir='ltr'><strong>Proculus</strong></span> <span class='ocrx_word' id='word_1_314' title='bbox 1299 4005 1473 4087; x_wconf 74' lang='lat' dir='ltr'><strong>DiaoouuS,</strong></span> 
     </span>
    </p>
   </div>
   <div class='ocr_carea' id='block_1_9' title="bbox 128 4053 1542 4288">
    <p class='ocr_par' dir='ltr' id='par_1_12' title="bbox 128 4053 1542 4288">
     <span class='ocr_line' id='line_1_38' title="bbox 232 4053 1542 4195; baseline -0.001 -31"><span class='ocrx_word' id='word_1_315' title='bbox 232 4053 371 4172; x_wconf 76' lang='lat' dir='ltr'><strong>Sosius</strong></span> <span class='ocrx_word' id='word_1_316' title='bbox 395 4102 556 4169; x_wconf 85' lang='lat' dir='ltr'><strong>Ecclesiae</strong></span> <span class='ocrx_word' id='word_1_317' title='bbox 597 4098 755 4166; x_wconf 87' lang='lat' dir='ltr'><strong>hiiseuatis</strong></span> <span class='ocrx_word' id='word_1_318' title='bbox 791 4102 822 4166; x_wconf 90' lang='lat' dir='ltr'><strong>in</strong></span> <span class='ocrx_word' id='word_1_319' title='bbox 871 4101 1055 4195; x_wconf 84' lang='lat' dir='ltr'><strong>Eutyches,</strong></span> <span class='ocrx_word' id='word_1_320' title='bbox 1098 4113 1140 4169; x_wconf 89' lang='lat' dir='ltr'><strong>et</strong></span> <span class='ocrx_word' id='word_1_321' title='bbox 1165 4100 1299 4166; x_wconf 77' lang='lat' dir='ltr'><strong>Acutius</strong></span> <span class='ocrx_word' id='word_1_322' title='bbox 1337 4098 1471 4186; x_wconf 84' lang='lat' dir='ltr'><strong>conjecti</strong></span> <span class='ocrx_word' id='word_1_323' title='bbox 1541 4181 1542 4186; x_wconf 5' lang='grc' dir='ltr'>ἵ</span> 
     </span>
     <span class='ocr_line' id='line_1_39' title="bbox 128 4189 1474 4288; baseline -0.007 -23"><span class='ocrx_word' id='word_1_324' title='bbox 128 4195 148 4221; x_wconf 86' lang='grc'><strong>”</strong></span> <span class='ocrx_word' id='word_1_325' title='bbox 229 4194 401 4287; x_wconf 87' lang='lat' dir='ltr'><strong>Campania</strong></span> <span class='ocrx_word' id='word_1_326' title='bbox 425 4197 596 4271; x_wconf 82' lang='lat' dir='ltr'><strong>Diaconos,</strong></span> <span class='ocrx_word' id='word_1_327' title='bbox 612 4193 826 4261; x_wconf 88' lang='lat' dir='ltr'><strong>saevientibus</strong></span> <span class='ocrx_word' id='word_1_328' title='bbox 873 4209 960 4278; x_wconf 85' lang='lat' dir='ltr'><strong>suut,</strong></span> <span class='ocrx_word' id='word_1_329' title='bbox 985 4197 1093 4288; x_wconf 89' lang='lat' dir='ltr'><strong>ibique</strong></span> <span class='ocrx_word' id='word_1_330' title='bbox 1118 4193 1287 4270; x_wconf 85' lang='lat' dir='ltr'><strong>detinetur,</strong></span> <span class='ocrx_word' id='word_1_331' title='bbox 1313 4189 1416 4260; x_wconf 88' lang='lat' dir='ltr'><strong>donec</strong></span> <span class='ocrx_word' id='word_1_332' title='bbox 1442 4199 1474 4259; x_wconf 88' lang='lat' dir='ltr'><strong>et</strong></span> 
     </span>
    </p>
   </div>
   <div class='ocr_carea' id='block_1_10' title="bbox 229 4283 1472 4460">
    <p class='ocr_par' dir='ltr' id='par_1_13' title="bbox 229 4283 1472 4460">
     <span class='ocr_line' id='line_1_40' title="bbox 229 4283 1472 4371; baseline 0 -17"><span class='ocrx_word' id='word_1_333' title='bbox 229 4289 263 4354; x_wconf 91' lang='lat' dir='ltr'><strong>in</strong></span> <span class='ocrx_word' id='word_1_334' title='bbox 287 4290 399 4359; x_wconf 83' lang='lat' dir='ltr'><strong>Christi</strong></span> <span class='ocrx_word' id='word_1_335' title='bbox 424 4287 535 4358; x_wconf 83' lang='lat' dir='ltr'><strong>fideles</strong></span> <span class='ocrx_word' id='word_1_336' title='bbox 558 4283 766 4371; x_wconf 89' lang='lat' dir='ltr'><strong>Diocletiano,</strong></span> <span class='ocrx_word' id='word_1_337' title='bbox 793 4298 827 4357; x_wconf 90' lang='lat' dir='ltr'><strong>ct</strong></span> <span class='ocrx_word' id='word_1_338' title='bbox 873 4303 1004 4360; x_wconf 85' lang='lat' dir='ltr'><strong>sanctus</strong></span> <span class='ocrx_word' id='word_1_339' title='bbox 1028 4290 1211 4369; x_wconf 81' lang='lat' dir='ltr'><strong>lanuarias,</strong></span> <span class='ocrx_word' id='word_1_340' title='bbox 1236 4305 1300 4358; x_wconf 83' lang='lat' dir='ltr'><strong>una</strong></span> <span class='ocrx_word' id='word_1_341' title='bbox 1323 4304 1399 4360; x_wconf 82' lang='lat' dir='ltr'><strong>num</strong></span> <span class='ocrx_word' id='word_1_342' title='bbox 1413 4283 1472 4354; x_wconf 79' lang='lat' dir='ltr'><strong>Fa·</strong></span> 
     </span>
     <span class='ocr_line' id='line_1_41' title="bbox 1268 4397 1310 4460; baseline -0.048 0"><span class='ocrx_word' id='word_1_343' title='bbox 1268 4397 1310 4460; x_wconf 84' lang='lat' dir='ltr'><strong>tn</strong></span> 
     </span>
    </p>
   </div>
   <div class='ocr_carea' id='block_1_11' title="bbox 1661 2827 1667 2908">
    <p class='ocr_par' dir='ltr' id='par_1_14' title="bbox 1661 2827 1667 2908">
     <span class='ocr_line' id='line_1_42' title="bbox 1661 2827 1667 2908; baseline 0 0"><span class='ocrx_word' id='word_1_344' title='bbox 1661 2827 1667 2908; x_wconf 88' lang='lat' dir='ltr'><strong>l</strong></span> 
     </span>
    </p>
   </div>
   <div class='ocr_carea' id='block_1_12' title="bbox 0 0 1796 5034">
    <p class='ocr_par' dir='ltr' id='par_1_15' title="bbox 0 0 1796 5034">
     <span class='ocr_line' id='line_1_43' title="bbox 0 0 1796 5034; baseline 0 0"><span class='ocrx_word' id='word_1_345' title='bbox 0 0 1796 5034; x_wconf 95' lang='lat' dir='ltr'><strong> </strong></span> 
     </span>
    </p>
   </div>
  </div>
 </body>
</html>
