3584 5034
281 607 302 673 2
673 600 799 670 FESTA
831 602 1024 674 JANUAllll

279 712 387 784 dendo
410 734 508 806 super
530 721 694 804 aggestum
718 712 875 798 calcis„et
922 723 955 782 et
979 723 1077 797 orate,
1101 724 1227 785 utnon
1252 715 1371 784 intretis
1395 716 1427 783 in
1443 725 1511 785 ton-

278 807 406 889 stabuli,
430 817 527 877 strato
550 807 663 886 cilicio,
694 804 847 898 capiebat.
920 808 1078 877 tationem.

324 905 357 980 d.
382 901 508 970 Amavit
530 909 589 968 ete.
1145 902 1291 990 Hymnus

505 993 587 1060 Lect.
615 1009 670 1078 vr.
918 941 1063 1081 Aspice
1079 1002 1115 1060 ut
1131 991 1272 1059 Verbum
1290 991 1390 1060 Patris
1412 1008 1432 1059 a
1454 1014 1510 1088 su·

278 1036 432 1154 Missus
455 1087 487 1150 in
524 1082 657 1150 Galliam
687 1079 867 1167 abeodem
982 1086 1090 1172 pernis

277 1179 394 1247 Sancto
417 1173 597 1258 Benedicto,
622 1173 739 1243 celebri
756 1173 864 1241 Mona·
933 1174 1070 1243 Sedibus
1086 1177 1236 1258 clemens,
1275 1185 1307 1244 et
1331 1195 1441 1245 amore
1456 1173 1511 1246 tta-

276 1272 379 1339 st'erio'
396 1277 551 1348 extructo,
575 1266 628 1336 cni
651 1285 752 1332 annos
784 1287 865 1354 qua·
891 1335 893 1340 ,
925 1334 929 1341 ,
981 1290 1077 1355 grans

275 1361 419 1450 draginta
434 1360 581 1453 praefuit,
600 1357 805 1425 monasticam
820 1357 867 1424 di·
940 1359 1074 1428 Perditis
1098 1360 1194 1451 culpa
1218 1361 1330 1450 genitis
1354 1359 1473 1430 mederi

274 1454 439 1544 sciplinam
453 1450 791 1539 mirificepropagavit.
807 1451 870 1519 De·
1081 1455 1185 1542 Pergit
1223 1452 1347 1520 Adami.

273 1545 373 1635 nique
396 1546 568 1630 sanctitate,
586 1553 617 1610 et
628 1542 789 1608 miraculis
804 1540 869 1608 cla·
916 1543 1068 1611 Flebilem
1081 1546 1192 1611 mundi
1210 1545 1363 1611 miserans
1375 1545 1510 1626 ruinam,

272 1657 340 1717 rus,
366 1635 606 1726 septuagenario
629 1633 731 1721 major
754 1633 869 1720 migra·
939 1636 980 1700 Et
994 1635 1238 1703 volensnostros
1251 1656 1508 1724 reparare-casus

272 1728 318 1794 vit
335 1729 365 1794 in
383 1729 525 1806 Coelum,
542 1745 629 1792 anno
646 1724 757 1792 salutis
773 1726 868 1815 quin·
939 1726 1027 1807 Orat,
1046 1736 1078 1794 et
1093 1747 1193 1816 prona
1209 1727 1335 1793 veniam
1360 1735 1510 1817 precatur

270 1820 446 1907 gentesimo
469 1818 665 1907 sexagesimo
690 1817 813 1907 quinto.
1058 1820 1174 1886 Fronte
1213 1818 1369 1906 Magister·

318 1912 351 1988 d.
376 1912 440 1980 Iste
463 1911 560 1978 homo
584 1921 646 1977 etc.
917 1909 1065 1977 Fluctuat
1115 1931 1228 1979 secum
1289 1920 1336 1978 tot
1390 1907 1508 1978 acerbe

364 2005 420 2074 IN
439 2005 498 2070 III.
521 2002 768 2071 Noc-wasto
828 2023 835 2036 ·
982 2001 1126 2070 volvens:
1513 2080 1517 2084 <

316 2094 436 2161 Hamil.
465 2095 500 2160 in
531 2095 649 2179 Evang.
685 2089 770 2160 Ecce
804 2111 863 2159 nos
934 2091 1514 2185 Hunc,aitsupplex,calicemdoloris

269 2182 458 2274 reliquimus
492 2186 607 2266 omnia,
641 2193 675 2251 ut
705 2181 741 2252 io
774 2185 864 2255 Gom·
934 2186 975 2252 lli
988 2186 1080 2253 Pater
1097 2188 1241 2270 transler;
1254 2186 1505 2280 tuasetlvolun·

270 2297 355 2344 mun.
378 2276 539 2346 Abbatum.
982 2286 1032 2344 tas

374 2387 377 2396 ⁴
542 2401 586 2418 -
1071 2372 1143 2438 Non
1166 2392 1238 2439 mea
1277 2372 1343 2440 fiat.

347 2507 351 2516 ,
811 2511 814 2518 .
908 2461 989 2528 Cum
1024 2474 1148 2551 premat
1182 2463 1276 2531 tristis
1300 2482 1402 2553 pavor
1440 2462 1504 2529 ima

492 2551 562 2620 Dlll
588 2557 641 2624 23.
980 2553 1087 2622 cordis

308 2646 598 2716 DESPONSATIO
622 2650 655 2714 B.
673 2645 710 2712 ll.
729 2644 764 2712 V.
788 2645 860 2732 dap.
931 2643 1045 2713 Deficit
1070 2647 1225 2737 languens
1246 2645 1414 2727 Dominus
1446 2666 1505 2736 per

268 2740 342 2830 maj.
354 2739 462 2809 omnio
477 2752 509 2809 ut
526 2739 562 2808 in
583 2739 751 2830 appendice
767 2740 860 2806 Brco.
977 2747 1066 2806 artus

541 2871 585 2884 -
933 2829 1505 2921 Sanguinissudorssuit,atqueguttis

460 2923 581 2988 FERlA
605 2923 661 2988 lll.
1069 2926 1164 2992 Terra
1188 2924 1351 2992 madescit.

302 3047 307 3056 ·
348 3017 423 3082 Post
448 3013 574 3082 Domiti.
601 3015 779 3100 septuages.
910 3017 951 3081 m
974 3014 1059 3081 celer
1069 3036 1196 3081 summo
1214 3018 1344 3084 veniens
1364 3015 1505 3105 Olympo

395 3106 495 3171 Onrr.
520 3106 557 3169 D.
582 3105 619 3172 N.
646 3107 672 3170 J.
697 3105 731 3168 C.
934 3105 1076 3191 Angelus
1088 3107 1197 3172 lesum
1212 3118 1335 3174 recreat
1344 3108 1504 3193 jacentem

267 3195 312 3262 IN
336 3198 476 3265 MONTE
502 3197 666 3264 OLIVETI
691 3196 762 3285 dep.
786 3196 862 3286 mnj.
935 3195 1067 3286 Corpori
1083 3198 1167 3266 vires
1187 3197 1333 3277 redeunt,
1355 3215 1507 3287 novoque

313 3290 364 3357 Ad
400 3292 488 3378 Vesp·
523 3292 594 3358 Ant.
629 3287 720 3357 tent
754 3289 849 3356 lesus
1072 3288 1198 3358 Robore
1232 3291 1341 3380 surgit.

267 3401 338 3447 cnm
361 3381 419 3448 rel.
443 3383 481 3448 dc
505 3383 605 3451 Laud.
909 3381 994 3448 Laus
1028 3379 1132 3452 honor
1169 3381 1269 3465 Patri,
1313 3382 1507 3472 genitaeque

311 3474 398 3540 Pscl.
422 3473 506 3538 Dixit
528 3474 683 3541 Dominus
712 3493 785 3541 cum
807 3495 859 3540 re·
976 3473 1060 3540 Proli

263 3562 362 3653 lr‘quis
384 3565 421 3632 de
447 3562 626 3645 Orminion,
651 3576 679 3632 et
701 3563 765 3632 loco
787 3563 863 3631 ulti·
932 3563 991 3631 Cui
1015 3564 1126 3632 datum
1141 3585 1259 3635 nomen
1281 3587 1380 3658 super
1410 3584 1508 3634 omno

263 3654 313 3722 mi
366 3657 453 3725 Psoi.
501 3656 642 3724 Laudato
689 3656 861 3723 Dominum
978 3676 1094 3724 nomen

263 3765 375 3816 omnes
398 3759 517 3838 gentes.
933 3749 973 3816 Et
989 3749 1151 3817 Paracleto
1167 3748 1278 3831 decus,
1295 3763 1394 3841 atque
1404 3751 1505 3819 virtus

418 3841 520 3930 Capit.
615 3841 710 3910 Mart.
737 3841 791 3908 26.
1037 3841 1141 3909 Omne
1164 3864 1222 3932 per
1244 3864 1371 3913 aevum.

267 3885 391 3998 venit
408 3935 501 4000 iesus
517 3931 558 4000 ad
575 3929 754 4024 discipulos
770 3953 859 4014 suos,
1048 3934 1160 4001 Amen.
1255 3993 1260 4002 .
1473 3947 1481 3964 ⁶

262 4031 294 4089 et
317 4022 436 4090 invenit
458 4045 514 4093 ees
538 4024 740 4106 dormientes
758 4036 790 4093 et
805 4024 853 4090 di·
947 4020 978 4089 i.
1003 4024 1112 4091 Tristis
1135 4036 1185 4092 est
1208 4029 1315 4094 anima
1337 4046 1418 4094 mea.

261 4115 306 4180 cit
330 4115 431 4182 Petro:
456 4117 508 4185 Sic
532 4139 596 4187 non
620 4117 766 4209 potuistis
790 4137 855 4183 una
949 4125 984 4201 [ζ.
1008 4116 1120 4205 Usque
1143 4117 1185 4184 ad
1209 4130 1355 4188 mortem.

262 4203 342 4276 hora
365 4206 497 4297 vigilare
535 4209 680 4278 mecum?
714 4208 856 4300 vigitate,
994 4208 1045 4276 Ad
1069 4207 1263 4302 Magnifioct,
1286 4207 1412 4296 sarept.
