3584 5034
313 666 377 732 ros
733 624 1115 736 rmrnnovnunnrs

309 784 430 846 urnam
453 770 647 854 charitatem,
671 772 833 852 orationis,
848 793 900 843 re-
965 813 967 820 ·
1061 771 1106 838 ΙΝ
1130 771 1170 845 11.
1195 770 1452 863 edendune,
1496 841 1497 848 ,

308 867 438 954 liglosne
459 868 652 958 paupertatis
663 877 695 934 et
717 866 902 939 solitudinis
981 941 984 948 ,
1185 868 1266 935 Lect.
1284 887 1326 934 1v.
1569 933 1577 944 ,

308 959 467 1040 studium
484 960 586 1033 veluti
605 981 683 1030 suae
720 959 899 1049 Congrege-
946 909 1021 1034 En
1060 956 1139 1029 locis
1178 960 1419 1054 semisonae
1455 961 1532 1032 olim

185 1099 191 1116 ,
309 1055 402 1124 tinnis
424 1063 575 1125 tesseram
612 1054 781 1124 exanimo
808 1073 896 1123 oom-
940 1050 1223 1142 apudchristianos
1231 1055 1462 1124 venerationem
1478 1055 1538 1124 ha-

303 1146 478 1217 -mendavit
503 1149 542 1214 Et
556 1145 635 1215 dom
650 1147 810 1236 Evangelii
828 1167 898 1214 ver*
945 1144 1093 1224 buerunt,
1118 1146 1171 1214 illa
1194 1146 1400 1218 celeberrima
1423 1159 1455 1218 et
1474 1150 1534 1217 lre-

307 1240 358 1309 ha:
388 1239 559 1308 sublevatis
584 1242 615 1308 in
640 1241 766 1308 coelum
789 1239 899 1314 oculis:
947 1239 1153 1328 quentissima
1177 1239 1314 1320 luerunt,
1345 1243 1381 1316 in
1418 1241 1536 1331 quibus

308 1335 496 1423 legerentur,
522 1354 588 1423 quo
612 1333 808 1424 praedixerat
832 1332 894 1414 die,·
945 1331 1073 1406 condita
1098 1335 1285 1408 Sanctorum
1309 1355 1454 1425 corpora,
1483 1335 1534 1402 vel

311 1427 532 1515 octuagenario
556 1429 666 1518 major,
694 1425 825 1495 coelesti
848 1427 895 1493 vi.-
943 1423 1075 1516 aliquod
1100 1428 1273 1519 Martyrum
1297 1430 1462 1517 vestigium
1478 1438 1534 1498 aut

309 1521 399 1587 sione
436 1531 624 1600 recreatus,
659 1519 897 1608 decimoquinto
945 1529 1188 1588 monumentum
1212 1531 1303 1588 esset.
1327 1522 1364 1588 In
1395 1542 1534 1610 quornm

307 1612 459 1682 kalendas
483 1612 663 1681 novembris
686 1633 771 1678 anno
798 1612 915 1683 milles
945 1633 1079 1681 numero
1103 1623 1287 1682 sanctorum
1316 1614 1461 1682 locorum
1501 1617 1534 1686 in

309 1707 390 1774 simo
414 1707 691 1794 septingentesimo
706 1706 902 1796 septuagesi-
947 1705 1058 1795 primis
1081 1727 1206 1798 semper
1230 1707 1288 1776 luit
1325 1708 1457 1796 insignis
1496 1730 1535 1780 ea

309 1819 363 1866 mo
388 1800 499 1888 quinto
522 1800 658 1869 animam
673 1801 742 1867 Deo
766 1796 903 1870 reddidit
949 1799 1087 1872 Vaticani
1111 1821 1195 1890 pars,
1222 1821 1319 1889 quam
1333 1800 1433 1868 sancti
1450 1803 1535 1878 Petri
1669 1865 1670 1890 ¹

309 1893 428 1962 Romae
451 1894 485 1958 in
507 1892 616 1972 domo,
635 1914 737 1982 quarn
754 1913 829 1963 cum
854 1892 901 1960 at·
949 1891 1185 1962 Confessioneur
1205 1891 1417 1982 ‚appellabant
1452 1894 1534 1962 Nam
1669 1967 1670 1976 χ

217 1979 222 1993 “
310 1986 397 2074 tigna
419 1986 550 2054 Basilica
573 1988 762 2056 Sanctorum
784 1987 901 2078 Marty-
949 2003 988 2052 eo
1012 1983 1170 2052 christiani
1194 2006 1234 2052 ex
1260 1983 1408 2052 omnibus
1447 1984 1534 2070 orbis

310 2099 382 2147 rum
416 2080 553 2147 loannis*
583 2090 616 2148 et
656 2079 771 2161 Pauli,
799 2080 903 2149 Tituln
949 2086 1052 2144 terrae
1074 2076 1219 2169 partibus
1234 2087 1385 2167 tanquam
1403 2075 1444 2145 ad
1459 2077 1535 2148 fidei

311 2172 527 2253 Pammachii‚
564 2173 709 2244 Clemens
745 2171 903 2242 decimus-
946 2169 1535 2260 .petram,etlloclesiaelundamentum

312 2274 450 2354 quartus.
461 2265 502 2332 de
517 2266 765 2355 congregatione
779 2267 899 2358 optime
945 2266 1179 2346 convenientes,
1203 2263 1311 2332 locum
1323 2264 1477 2356 Principis
1492 2271 1535 2332 ll-
1669 2333 1670 2354 χ

310 2359 484 2428 meritusei
498 2368 652 2449 perpetuo
678 2358 901 2448 assignaverat.
946 2357 1145 2447 pustularum
1156 2357 1304 2448 sepulcro
1314 2367 1535 2429 consecratum

311 2451 415 2530 Quom
446 2454 492 2518 tot
526 2448 695 2522 virtutibus
733 2452 899 2536 illustrem,
947 2470 1074 2520 summa
1098 2450 1248 2540 religione
1281 2470 1319 2522 ac
1342 2452 1458 2543 pietate
1480 2473 1535 2522 ve·

311 2554 344 2610 et
366 2543 527 2611 miraculis
550 2545 643 2613 etiam
670 2555 902 2636 postmortem
949 2543 1151 2612 notabantur.
1224 2603 1226 2608 .

311 2636 459 2719 dmum,
497 2639 571 2705 Pius
611 2639 722 2708 Nonus
762 2639 905 2708 Pontifex
997 2647 1029 2722 n.
1052 2635 1234 2712 Orantibus.

311 2730 464 2800 Maximus
488 2731 630 2819 ejusdem
646 2732 906 2821 Congregationis
1184 2731 1266 2800 Lcet.
1288 2751 1318 2798 v.

311 2822 601 2894 munificentissime
618 2846 693 2893 vere
720 2846 834 2915 patens
849 2824 907 2893 ka-
952 2777 1061 2910 Illuc
1078 2823 1300 2895 Constantinus
1323 2825 1456 2914 Magnus
1471 2824 1536 2892 lm·

311 2914 414 2986 lendis
438 2917 601 2986 maiianni
624 2918 777 2985 millesimi
802 2921 902 2988 octin-
947 2915 1537 3010 peratoroctavodiepostsusceptum
1667 2997 1668 3008 ἵ

313 3011 909 3101 gentesimiquinquagesimitertiiBea-
955 3013 1146 3103 baptismum
1185 3013 1282 3092 venit,
1328 3010 1539 3102 depositoque

312 3113 418 3170 torum
444 3106 552 3173 censui
570 3105 724 3194 adjunxit,
747 3108 904 3193 assignata
951 3104 1137 3185 diademate,
1161 3115 1192 3172 et
1216 3103 1304 3172 humi
1324 3107 1436 3193 jacens
1472 3108 1538 3170 vim

313 3195 383 3282 ejus
407 3194 489 3266 testo
522 3198 692 3288 quotannis
715 3197 907 3267 celebrando
954 3199 1168 3290 lacrymarum
1192 3197 1343 3289 proludit:
1361 3219 1435 3267 mox
1449 3219 1539 3264 sum-

315 3287 368 3356 die
391 3287 602 3360 deeimasexta
617 3288 808 3362 novembris.
936 3301 1005 3382 *pto
1033 3291 1148 3378 ligone,
1180 3312 1217 3360 ac
1246 3291 1384 3372 ¹bidente
1423 3301 1540 3358 terram

362 3386 394 3462 d,
418 3385 482 3452 Iste
505 3384 600 3453 homo
623 3386 754 3475 perfecit
777 3385 891 3454 omnia
952 3384 1042 3464 eruit,
1069 3383 1208 3476 indeque
1232 3383 1403 3454 duodecim
1437 3393 1539 3452 terrae

426 3477 471 3544 IN
494 3477 551 3544 111.
575 3478 798 3550 NOCTURNO
951 3475 1247 3568 cophinis,henoris
1261 3475 1542 3556 causaduodecim

363 3568 523 3639 Lectiones
546 3572 583 3640 de
606 3570 749 3640 Homt'tio
773 3573 809 3640 S.
829 3572 906 3640 Gre·
953 3571 1188 3662 Apostolorum,
1230 3569 1352 3652 ablatis,
1391 3591 1429 3642 ac
1468 3570 1541 3639 loco

314 3660 400 3754 yorii
423 3665 529 3752 Papae
553 3661 588 3732 in
611 3665 730 3752 Eoerrq.
755 3665 906 3752 Designa-
951 3665 1103 3734 Basilioae
1127 3665 1279 3755 Principis
1313 3663 1541 3755 Apostolorum

316 3761 361 3828 vit
371 3756 534 3837 Dominus,
557 3767 589 3825 ut
603 3754 640 3823 in
654 3779 762 3826 comm.
786 3759 905 3846 Eounq.
952 3756 1114 3847 designato
1159 3757 1329 3827 Ecclesiam
1353 3756 1540 3827 aedificavit.
1665 3767 1666 3774 ’

316 3859 372 3931 rtet.
396 3851 565 3919 decuere.
591 3852 820 3922 semrom.
952 3853 1055 3931 Quam
1097 3833 1226 3920 sanctut'v
1266 3851 1417 3932 silvester
1456 3853 1542 3942 Papa

591 3981 638 3996 --
954 3943 1079 4012 decimo
1117 3955 1230 4034 quarto
1276 3944 1428 4014 kalendas
1483 3943 1541 4014 de·

539 4039 606 4104 Dlln'
634 4039 685 4104 l8.
953 4036 1088 4108 cembris
1127 4059 1166 4105 eo
1207 4038 1303 4108 medo
1344 4058 1411 4130 quo
1448 4039 1539 4106 Late-

388 4129 536 4198 Dnnrcnr.
559 4134 768 4202 orsnmnnr
788 4129 837 4200 Ss.
953 4151 1117 4198 nonensem
1143 4132 1316 4200 Ecclesiam
1334 4133 1445 4223 quinto
1459 4127 1539 4198 Idus

390 4227 502 4290 Arosr.
528 4226 624 4294 Pnrnr
648 4227 692 4292 Er
720 4226 816 4292 Pnunt
948 4223 1136 4291 Novembris
1159 4234 1410 4302 consecraverat,
1446 4221 1539 4290 dedi-

365 4312 900 4407 duplnmnutinBreornrioprue·
947 4317 1040 4396 eavit,
1064 4326 1095 4383 et
1119 4318 1151 4384 in
1178 4339 1217 4388 aa
1239 4319 1336 4388 altam
1374 4314 1540 4405 lapideum
1664 4315 1665 4324 '

304 4405 540 4514 turicremas.
949 4407 1304 4484 chrismaudelibntum
1316 4409 1539 4504 aestuatque
