3584 5034
302 642 317 707 l
325 641 369 714 OO
784 640 916 710 FESTA=
934 643 1040 715 uultu

295 754 389 841 virgo
412 748 504 817 mute
523 735 775 821 blancardus
804 766 881 819 con·
928 751 1037 820 cibum
1060 744 1338 843 praetermorem,
1362 761 1399 821 ut
1425 749 1514 823 soro-

277 844 392 912 'soleri
416 844 577 926 niteretur,
601 843 733 915 sublatis
770 842 882 926 oeulis3
929 844 1031 921 ribus,
1055 844 1234 929 videbatur,
1261 846 1452 915 obdormuit
1467 848 1516 915 Ibi

296 936 423 1005 eoelum
447 946 590 1027 apertum
623 938 794 1037 lucemque
830 939 882 1004 in·
929 939 1296 1008 asensilrusabstraota
1319 938 1329 1032 (
1355 952 1515 1009 uteorum

297 1028 481 1099 credibilem
505 1028 592 1113 vidit,
632 1052 697 1121 qua
734 1030 883 1097 nimirum
932 1033 1091 1099 nonnullis
1115 1032 1230 1101 deindo
1253 1038 1320 1124 ipsa
1348 1034 1516 1126 narravit)

296 1123 370 1191 luce
420 1123 512 1191 Oliva
549 1134 680 1215 repente
718 1127 883 1214 perterrita
931 1126 1055 1191 coelum
1072 1137 1226 1216 apertum,
1251 1127 1518 1217 splendoremque

295 1214 476 1308 ‘prociditin
503 1216 625 1287 faciem:
649 1238 789 1306 cumque
827 1217 883 1285 diu
932 1216 1009 1285 vidit
1025 1219 1275 1301 immensnm‚ox
1290 1240 1357 1309 quo
1373 1240 1519 1310 progres-

293 1312 456 1400 jaouisset,
472 1321 504 1381 et
517 1311 640 1380 vultum
659 1311 801 1379 attollere
823 1332 887 1377 uon
934 1332 991 1377 sus
1015 1314 1066 1377 vir
1086 1307 1188 1402 plane¹
1209 1312 1405 1380 admirabilis
1444 1335 1519 1381 oum

296 1400 456 1486 auderet,·
474 1403 600 1473 tandem
626 1427 661 1475 se
690 1407 724 1469 in
762 1404 887 1471 coelum
934 1425 1004 1471 eam
1029 1426 1132 1495 nsque
1157 1406 1360 1496 pervenisset:
1376 1408 1519 1479 ventin-

296 1495 406 1565 lumen
452 1494 559 1580 illud,
608 1498 649 1566 ed
696 1498 728 1565 in
774 1496 887 1565 cellam
931 1498 1013 1587 quit,
1037 1496 1155 1565 etvide
1177 1499 1297 1589 quibus
1315 1510 1522 1589 torqueantur

187 1646 189 1651 ,
293 1609 389 1657 suam
417 1589 510 1679 Virgo
527 1612 562 1659 se
577 1592 707 1680 recepit,
724 1590 777 1657 cui
793 1600 886 1657 nocto
932 1590 1095 1681 suppliciis
1119 1594 1206 1681 apud
1234 1592 1518 1682 inlerosimprobq

253 1722 258 1734 ·
300 1685 506 1772 consequenti
540 1685 589 1753 uir
611 1694 730 1752 statura
752 1703 885 1775 procera
932 1682 1133 1751 deindevero
1150 1684 1299 1752 florentes
1315 1686 1407 1751 coeli
1429 1684 1523 1754 sedes

297 1776 887 1869 secundumquietemapparuit,veltu
933 1775 1155 1866 contemplare,
1181 1776 1443 1866 ubisempiterna
1459 1777 1523 1845 lae.

296 1870 398 1958 gravi,
413 1882 552 1963 aspectu
588 1871 715 1953 decoro,
756 1874 813 1961 qui
852 1872 882 1936 ei
930 1868 995 1941 titia
1018 1867 1098 1935 beati
1125 1870 1253 1937 coelites
1277 1869 1513 1959 pertruantur.'

301 1960 449 2043 diceret*
469 1986 575 2055 surge,
615 1986 751 2057 propera
782 1965 884 2030 amice
975 1970 1006 2043 u.
1030 1962 1208 2030 efferentur
1234 1964 1305 2050 Regi
1329 1973 1389 2028 etc.

292 2076 372 2125 enee
394 2075 512 2146 sponsa
531 2080 616 2141 ¹enea,
631 2057 780 2125 columba
802 2077 883 2136 mee,
1039 2058 1080 2121 ΙΝ
1105 2054 1151 2121 lll
1180 2056 1413 2125 NOCTURNO.
1509 2099 1513 2110 -

298 2157 332 2217 et
360 2150 441 2218 veni.
981 2148 1098 2215 Homil.
1124 2150 1155 2214 in
1187 2152 1306 2239 Evang.
1338 2147 1455 2241 Simile
1477 2159 1524 2215 eet

294 2250 379 2327 wip.
403 2240 549 2312 Dilexisti
562 2241 715 2331 justitiam
742 2250 801 2309 eto.
874 2292 875 2298 κ
932 2244 1071 2331 Repnum
1096 2244 1256 2314 Goelonnn
1293 2244 1447 2311 Thesauro
1468 2250 1523 2309 etc.

545 2338 618 2404 Leet
639 2355 679 2402 vr.
805 2376 808 2379 -
1134 2377 1137 2383 -
1207 2376 1251 2387 -
1404 2356 1408 2364 ’

302 2378 481 2495 Proxima
504 2450 581 2497 vero
612 2440 699 2497 sexta
715 2426 793 2495 feria
818 2448 893 2495 oum
928 2468 931 2474 ,
1158 2417 1241 2494 ’uie
1264 2428 1316 2493 IV.

302 2520 394 2607 virgo
418 2518 453 2588 se
476 2520 517 2588 ad
540 2524 711 2590 oratorium
741 2521 889 2611 precandi
1007 2540 1038 2607 s,
1063 2542 1226 2606 Μῶα,
1264 2539 1396 2605 cmm
1421 2538 1454 2605 c,

294 2630 416 2681 ›oaussa
432 2616 598 2698 conferret,
615 2619 684 2686 visa
696 2626 744 2684 est
763 2615 891 2683 cuidam
1185 2650 1276 2741 θηρί’

300 2727 322 2775 e
348 2708 514 2778 sororibus
537 2720 651 2777 terram
677 2708 887 2801 pedibusnon
1068 2763 1076 2776 ‚
1305 2751 1308 2757 .

301 2800 454 2888 attingere
470 2802 549 2869 dum
585 2802 756 2883 incederet,
790 2823 883 2891 quae,
982 2764 1099 2832 Omma
1122 2763 1159 2833 αθ
1194 2765 1309 2848 0⁰mm·
1338 2764 1426 2855 cmi·
1455 2785 1524 2831 '²⁰¹⁸-

290 2890 338 2957 -id
353 2896 446 2959 etiam
462 2896 594 2961 caeteris
610 2896 801 2963 enunciavit.
813 2896 890 2963 illae
935 2874 1024 2945 ΡΜ·
1043 2888 1169 2965 ΜΨ
1193 2886 1366 2965 Sequenda*

303 3003 457 3054 verorem
471 2984 652 3066 admiratae,
670 2988 793 3053 Olivam
811 2988 890 3076 quid
1187 2986 1296 3056 Oratio

302 3074 365 3151 hoc
396 3089 479 3146 esset
516 3079 717 3166 interrogant:
756 3090 788 3145 et
821 3083 892 3170 ipsa
938 3032 1064 3157 Deus,
1090 3080 1148 3166 qui
1171 3080 1300 3146 Beatum
1323 3079 1526 3144 Franciscum

303 3169 468 3239 nihilelata
494 3182 669 3262 propterea,
697 3169 753 3237 sed
786 3172 891 3239 animo
939 3172 1012 3236 novi
1038 3171 1167 3237 Ordinis
1192 3167 1527 3238 lnstitutoremorandi

303 3265 398 3332 simul
426 3265 570 3332 occultu
587 3264 735 3344 demisso,
752 3264 889 3354 primurn
938 3262 1059 3342 studi0;
1097 3273 1130 3330 et
1169 3266 1380 3353 poenitentiae
1418 3280 1528 3331 amore

303 3356 602 3450 Deo-,supplicare
648 3357 763 3424 deinde
810 3358 893 3425 reus
941 3351 1110 3436 decorasti3
1147 3354 1187 3421 da
1227 3354 1351 3423 famulis
1391 3357 1456 3422 tuis
1494 3358 1529 3423 in

303 3449 894 3543 prolundisquegemitibuslacrymis-
941 3449 1010 3536 ejus
1036 3449 1205 3515 imitatione
1229 3450 1269 3514 ita
1303 3446 1469 3538 proficere,
1494 3459 1531 3516 ut

304 3564 370 3635 que
393 3565 522 3612 sorores
535 3546 703 3612 obsecrare
724 3546 837 3634 coepit,
855 3565 894 3611 ne
941 3561 1068 3629 semper
1109 3552 1245 3620 orantes,
1269 3551 1301 3608 et
1339 3562 1458 3632 corpus
1497 3543 1528 3609 in

306 3636 369 3705 sibi
409 3636 587 3727 quidquam
626 3636 729 3703 laudis
769 3634 888 3703 tribue-
938 3636 1123 3700 servitutem
1148 3632 1323 3723 redigentes
1346 3634 1387 3701 ad
1426 3635 1530 3703 coele·

305 3740 387 3809 rent,
410 3734 439 3803 ei
461 3752 496 3801 so
523 3752 563 3801 ex
595 3730 700 3797 animo
739 3738 892 3818 sanieque
939 3738 1017 3795 stem
1042 3726 1173 3815 gloriam
1200 3730 1364 3818 pervenire
1387 3750 1529 3797 merean-

308 3824 483 3915 diligorent,
523 3822 673 3892 omnibus
711 3844 746 3891 se
784 3844 892 3889 carere
940 3831 1000 3888 tur.
1026 3822 1085 3887 Per
1111 3820 1277 3888 Dominum
1301 3834 1360 3890 etc.

308 3918 479 3986 virtutibus
503 3928 599 4009 atquo
615 3916 695 3985 adeo
722 3914 897 3983 eceleribus
1060 3914 1103 3980 ΙΝ
1129 3915 1153 3980 l.
1177 3916 1408 3985 NOCTURNO.

308 4023 500 4103 coopertam.
542 4013 624 4101 Ergo
664 4020 771 4077 sancta
812 4010 902 4097 virgo
947 4027 953 4038 ·
986 4006 1145 4074 Lectiones
1167 4010 1205 4074 de
1231 4008 1347 4098 Script.
1371 4025 1497 4077 orcum

309 4102 425 4172 divinis
447 4104 600 4174 absolutis
620 4101 743 4183 officiis,
775 4101 896 4167 multis·
1060 4100 1103 4167 lN
1125 4102 1165 4166 ll.
1192 4102 1411 4171 Noetueuo

309 4217 375 4285 que
390 4198 528 4289 profusis
559 4198 708 4291 lacrymis
724 4193 764 4262 ed
781 4194 893 4261 cellam
1150 4195 1255 4264 lectio
1285 4216 1325 4263 rv.

311 4308 439 4357 reversa
474 4292 506 4357 in
535 4312 595 4358 suo
635 4289 752 4359 lectulo
790 4287 894 4355 loessa
941 4238 1157 4355 Franciscns
1178 4288 1282 4356 dictus
1305 4295 1396 4355 antea
1427 4290 1527 4359 Asm-

271 4416 276 4427 ·
307 4376 465 4463 coneedit,
488 4392 584 4473 etque
621 4394 694 4453 ante
733 4391 894 4472 sumptum
942 4381 1023 4463 niue,
1043 4400 1083 4451 ex
1108 4379 1203 4451 nobili
1224 4378 1340 4450 familie
1361 4379 1528 4453 Careccio·
