3584 5034
743 586 868 659 FESTA
894 589 1000 661 ilibll
1413 591 1478 659 423

254 698 404 775 omnibus
426 698 542 767 sanctis
565 700 633 775 suis
670 700 702 767 in
742 710 843 769 aeter·
890 721 946 767 sus
970 700 1109 781 Petrum,
1132 711 1165 769 et
1187 699 1357 781 Jacobum,·
1377 710 1411 769 et
1425 703 1480 768 lo·

254 816 342 863 num.
674 860 678 870 ,
888 814 1004 861 aunem
1027 792 1154 861 fratrem
1177 796 1259 883 ejus,
1283 804 1316 861 et
1330 792 1420 861 duxit
1442 794 1481 883 il·

299 890 333 967 ἡ.
357 882 513 976 Expandit
534 907 579 968 se,
604 895 700 976 atque
717 908 845 956 mensus
893 887 942 966 los
954 888 985 953 in
997 897 1137 954 montem
1148 888 1309 956 excelsum
1325 908 1482 967 scorsum,

254 992 302 1051 est
326 980 410 1047 Elias
434 1000 531 1067 super
572 1002 708 1070 puerum
739 981 841 1047 tribus
888 990 920 1055 et
954 978 1195 1068 transfiguratus
1230 989 1279 1048 est
1319 989 1392 1048 ante
1414 1000 1480 1048 eos.

255 1073 390 1153 vicibus,
414 1082 444 1138 et
469 1073 615 1139 clamavit
655 1072 694 1139 ad
718 1075 841 1159 Domi·
890 1074 929 1139 Et
952 1074 1083 1163 reliqua.
1300 1136 1304 1143 .

253 1190 341 1236 num.
358 1164 379 1205 *
405 1166 442 1230 Et
481 1166 644 1235 exaudivit
687 1167 865 1238 Dominus-
936 1167 1072 1234 Humilia
1096 1167 1201 1233 Sancti
1226 1166 1357 1233 loannis
1382 1163 1483 1257 Chry-

256 1282 369 1329 cocem
396 1258 488 1325 litiae.
895 1262 1035 1329 sostomi.
1067 1260 1186 1331 Homul.
1214 1262 1267 1326 57.
1300 1258 1336 1326 ic
1374 1260 1482 1329 Mottb
1518 1255 1520 1262 ’

303 1352 333 1419 i.
357 1352 489 1419 Domine
512 1353 597 1421 Dens
621 1376 712 1423 meus
742 1374 848 1421 rever·
1013 1354 1207 1444 paulopost.
1237 1352 1340 1442 princ.
1467 1351 1470 1360 '

256 1450 351 1526 tatur,
375 1443 523 1524 obsecro,
543 1451 649 1515 anima
673 1448 763 1538 pueri
789 1445 849 1513 bu·
897 1397 1031 1536 Cujus*
1045 1458 1150 1515 autem
1168 1448 1213 1514 rei
1230 1450 1328 1534 gratia
1341 1447 1481 1538 Moysen,

252 1542 310 1631 jus
332 1540 364 1605 in
389 1542 518 1606 viscera·
534 1542 612 1630 ejus.
652 1542 690 1607 Et
715 1540 846 1607 exaudi·
892 1550 925 1607 et
949 1542 1046 1606 liliam
1072 1538 1250 1630 produxit?
1275 1540 1388 1607 liultas
1411 1539 1484 1629 qui·

257 1636 312 1703 vit.
321 1632 427 1700 Gloria
441 1633 531 1712 Patri,
549 1646 607 1703 etc.
621 1635 658 1700 lit
672 1633 843 1701 exaudivit.
890 1632 963 1701 dem
988 1633 1094 1701 dicere
1125 1635 1198 1723 quis
1231 1640 1345 1701 causas
1375 1633 1484 1724 possit.

334 1726 408 1791 ·lN
434 1726 489 1791 lll.
512 1727 776 1805 NOCTUllNO·
897 1727 1035 1793 Primum
1061 1730 1212 1816 quoniam
1237 1727 1407 1810 etturbae,
1430 1726 1485 1791 alii
1542 1755 1544 1758 ·

304 1818 427 1907 Autrplt.
454 1820 537 1885 Dixit
562 1821 644 1888 Elias
683 1818 846 1911 Prophetis
893 1819 1016 1900 liliam,
1040 1818 1096 1885 alii
1120 1822 1317 1900 leremiam,
1334 1821 1391 1887 alii
1418 1821 1488 1910 pri«
1588 1892 1593 1897 ,

258 1912 341 1979 Baal:
365 1913 469 2001 eligite
495 1914 585 1987 vobis
601 1914 715 1983 bovem
735 1936 847 1993 unum,
894 1931 1022 1980 socrum
1050 1912 1390 2003 Prophetarum'unum
1410 1911 1484 2002 opi-

256 2015 289 2074 et
311 2006 456 2073 invocato
478 2008 605 2074 nomina
628 2008 761 2076 deorum
795 2028 849 2074 ve·
895 2005 1062 2073 nabantur:
1085 2007 1205 2073 idcirco
1228 2007 1370 2098 Moysen,
1395 2015 1427 2071 et
1443 2006 1485 2071 E-

198 2086 208 2115 ⁴
258 2110 406 2167 atrorum:
432 2100 490 2186 qui
513 2099 704 2181 clamabant,
727 2111 847 2179 etnon
895 2098 971 2180 liam
1010 2110 1209 2171 caeterorum
1254 2098 1484 2190 Prophetarum

140 2222 141 2285 j
256 2200 334 2271 erat,
358 2190 414 2279 qui
439 2192 652 2282 responderet.
670 2270 674 2283 ,
889 2193 1023 2262 vertices
1047 2192 1205 2285 producit,
1219 2203 1267 2262 nt
1289 2213 1394 2281 qnam
1416 2198 1483 2258 mass

305 2284 436 2353 ΡείιὶηιΓ
452 2284 503 2351 ll.
526 2286 670 2369 Domine,
693 2287 768 2376 quis
791 2284 847 2355 ha·
892 2297 991 2375 gnum¹
1015 2288 1055 2353 sit
1078 2286 1165 2354 inter
1181 2306 1302 2367 servos,
1327 2295 1359 2352 et
1382 2281 1485 2351 domi·

258 2376 380 2458 bitabit,
404 2385 465 2446 etc.
652 2448 653 2455 ,
778 2424 779 2427 =
894 2402 972 2447 num
997 2379 1168 2447 discrimen
1183 2378 1286 2446 oculis
1308 2386 1484 2459 cernerent,

306 2470 432 2560 Antrplr.
456 2473 538 2540 Dum
557 2474 624 2564 jam
648 2483 774 2565 tempus
797 2492 848 2539 es·
894 2483 996 2562 utque
1019 2482 1105 2539 recte
1128 2471 1293 2539 laudatum
1319 2470 1486 2539 crederent

140 2632 141 2635 ,
259 2574 317 2645 sat,
342 2574 377 2631 ut
411 2564 578 2641 offerretur
616 2565 849 2645 holocaustum,
897 2565 1047 2645 Petrum,
1087 2564 1143 2653 qui
1181 2564 1283 2632 lilium
1318 2564 1374 2631 Dei
1389 2564 1393 2569 ’
1410 2585 1485 2631 enm

258 2655 415 2725 accedens
438 2658 523 2738 Elias
547 2660 648 2727 oravit
671 2659 712 2727 ad
739 2660 849 2728 Domi·
896 2658 1064 2726 confessus
1099 2667 1156 2723 est.
1187 2655 1309 2725 Deinde
1331 2656 1484 2746 quoniam
1521 2717 1524 2723 .

260 2772 348 2817 num.
899 2751 1028 2819 assidue
1052 2752 1142 2840 quasi
1159 2759 1424 2839 transgressorem
1440 2749 1486 2816 le·

308 2842 425 2911 Psolm.
452 2844 505 2925 20,
530 2844 663 2911 Domine
688 2844 720 2911 in
737 2844 852 2913 virtute
899 2845 946 2933 gis
971 2843 1084 2911 ludaei
1118 2844 1332 2926 accusabant,
1363 2853 1395 2911 et
1417 2840 1486 2909 bla-

261 2946 326 3017 tua,
352 2946 411 3004 etc.
899 2937 1066 3027 sphemare
1100 2936 1275 3029 putabant,
1303 2936 1394 3027 quasi
1418 2934 1487 3025 glo-

309 3028 433 3118 Aotr'plt.
474 3030 592 3097 Orante
616 3028 697 3111 Elia,
735 3028 850 3099 cecidit
898 3034 986 3098 riam·
1004 3032 1105 3098 Patris
1129 3030 1203 3097 nibil
1227 3029 1268 3097 ad
1296 3050 1371 3097 eum
1389 3028 1486 3120 perti-

261 3122 341 3211 ignis
357 3124 492 3204 Domini,
509 3132 540 3191 et
558 3126 680 3191 voravit
696 3124 847 3191 holocau-
893 3135 1031 3205 nentem,
1046 3122 1252 3192 vindicarent,
1277 3122 1430 3190 Dicebant
1452 3142 1487 3190 e·

259 3225 354 3298 stum,
379 3227 410 3285 ct
432 3214 525 3305 ligoa;
551 3227 582 3283 et
605 3213 736 3307 lapidee,
776 3216 848 3307 pul·
897 3218 982 3284 nim:
1008 3218 1066 3282 llic
1090 3237 1154 3284 non
1179 3227 1228 3285 est
1253 3238 1271 3283 a
1295 3218 1384 3295 Deo,
1409 3217 1487 3305 qnia

257 3331 363 3377 veram
389 3308 739 3403 quoqueffietgaquam,
764 3331 849 3399 quae
896 3309 1064 3378 sabbatum
1101 3330 1166 3376 non
1205 3319 1326 3392 servatzy
1358 3319 1390 3375 et
1413 3330 1486 3375 rur-

257 3413 326 3469 erat
350 3404 380 3468 in
405 3405 607 3495 aquaeductu
633 3403 784 3472 lambens.
895 3425 961 3469 sus:
1012 3404 1053 3470 de
1092 3401 1180 3469 bono
1213 3423 1310 3493 opere
1342 3422 1407 3469 non
1441 3402 1487 3469 la·

265 3534 273 3543 .
305 3496 424 3563 Psolm,
449 3500 503 3565 23.
529 3499 654 3566 Domini
678 3511 726 3567 est
754 3508 846 3579 terra,
895 3494 1045 3588 pidamos
1067 3505 1110 3576 te,
1135 3494 1191 3563 sed
1217 3517 1292 3563 cnm
1316 3499 1360 3563 sis
1390 3494 1492 3563 horno-

259 3596 318 3657 etc.
829 3670 831 3675 Ι
900 3593 1000 3658 Deum
1026 3600 1056 3657 te
1083 3589 1171 3657 facis.
1187 3590 1230 3659 Ut
1252 3591 1321 3681 ipsa
1343 3611 1379 3657 re
1395 3607 1488 3655 mon-

304 3679 333 3747 ti.
358 3681 443 3749 Beati
468 3695 551 3765 snut,
569 3687 627 3776 qui
643 3695 674 3754 te
691 3683 849 3755 viderunt.
898 3693 1076 3762 straretur‚
1102 3684 1178 3773 quia
1201 3694 1247 3764 ex,
1268 3681 1385 3750 invidia
1408 3679 1488 3748 baec

306 3773 338 3848 ti.
364 3775 402 3839 llt
426 3777 456 3840 in
481 3779 616 3845 amicitia
656 3789 710 3845 tua
751 3775 848 3845 deco·
896 3773 1268 3865 criminabantur‚·quia
1302 3773 1404 3850 nentri
1428 3770 1487 3843 ho·

261 3867 319 3935 rati
345 3879 427 3935 sunt.
895 3883 975 3937 rurn'
993 3871 1162 3935 criminum
1190 3866 1409 3956 subjiceretur,
1426 3884 1485 3932 neo

308 3962 413 4029 Lectio
437 3964 534 4029 sancti
560 3964 718 4055 Evangelii
731 3983 847 4031 secun·
893 3963 974 4051 legis
986 3964 1222 4053 praevaricator
1232 3969 1324 4038 essct,
1338 3976 1398 4023 nec
1409 3956 1487 4024 alie·

260 4056 337 4124 dnm
364 4055 562 4123 Matthaeum.
674 4108 678 4116 .
897 4078 970 4122 nam
1012 4056 1145 4143 gloriam
1196 4052 1256 4119 sibi
1295 4049 1486 4138 acquireret,

354 4152 435 4219 Lcct.
459 4170 511 4215 vn.
609 4152 697 4240 Cep,¹
712 4150 764 4217 t7.
895 4148 1063 4239 aequalem
1087 4168 1123 4215 se
1146 4147 1231 4212 Patri
1248 4142 1403 4223 iaciendo,
1428 4162 1487 4210 eos

262 4193 317 4309 ln
341 4242 395 4312 illc
418 4256 568 4337 tempore:
592 4246 775 4339 assumpsit
797 4244 849 4313 le·
895 4241 1047 4334 produxit
1080 4242 1111 4309 in
1133 4236 1307 4330 medium,
1345 4245 1486 4330 quorum
1517 4265 1520 4269 >
