3584 5034
711 642 845 712 tosta
863 642 1064 712 octobres
1437 647 1499 720 tet

270 751 449 836 divinarum
472 773 580 822 rerum
596 754 863 846 contemplatione
909 755 1113 845 Firmatoque
1138 752 1291 836 diacono,
1328 753 1506 842 llonacbis-

268 841 454 938 saepissime
477 845 692 937 pernoctabat,
732 848 864 939 paulum
913 869 978 937 que
1002 849 1137 938 „triginta
1160 858 1256 918 noctu
1278 845 1433 940 psallens
1473 850 1507 918 in

271 941 397 1020 sedens,
438 961 512 1007 oum
552 962 625 1007 eum
668 943 865 1010 necessarius
912 941 1054 1008 Ecclesia
1079 942 1276 1032 opprimitur.
1301 943 1347 1008 Ex
1389 944 1508 1032 quibus

269 1056 404 1102 somnus
415 1034 631 1123 oppressisset.
643 1035 761 1102 Silentii
775 1057 866 1125 prae·
914 1036 1055 1101 Donatus
1071 1038 1183 1126 ¹capite
1208 1035 1293 1104 illico
1310 1055 1430 1106 ,caesus
1446 1048 1504 1117 est;

270 1127 365 1217 cipua
380 1148 469 1207 cura,
479 1127 537 1194 ubi
550 1137 655 1194 autem
669 1128 866 1218 loquendum
916 1128 1034 1217 reliqui
1058 1140 1131 1196 ante
1159 1129 1346 1196 Manuohem
1371 1129 1506 1221 archipi—

270 1229 364 1300 esset‚
391 1241 496 1287 sermo
512 1223 616 1287 omnis
628 1220 668 1285 ad
682 1220 791 1287 mundi
810 1220 866 1295 de·
912 1232 1012 1288 ratam
1039 1219 1139 1303 ducti,
1164 1242 1239 1290 oum
1263 1244 1298 1290 se
1323 1221 1420 1288 Idolis
1437 1223 1507 1310 cul·

271 1313 489 1402 spicientiam,
520 1313 700 1403 Christique
723 1315 870 1380 imitatio·
918 1325 984 1381 tum
1010 1314 1113 1381 ullum
1138 1314 1289 1384 adbibere
1327 1325 1508 1384 constanter

271 1427 345 1473 nem
368 1405 638 1474 accommodatus.
899 1409 1182 1494 ‘negarentcaeri
1210 1411 1318 1499 virgis,
1345 1409 1504 1490 manibus,

318 1501 350 1574 ri.
375 1500 484 1567 Sancti
510 1499 554 1565 tui
583 1510 642 1566 eto.
915 1499 1118 1590 pedibusque
1142 1501 1239 1588 uincti
1265 1506 1333 1570 sine
1350 1501 1417 1568 ullo
1433 1502 1507 1570 cibo

485 1594 569 1660 Lect.
600 1613 629 1658 r.
911 1593 1147 1662 contruduntur
1183 1597 1214 1663 in
1257 1616 1428 1678 carcerem,
1470 1615 1508 1662 ao

271 1637 465 1776 Jejunium
490 1707 578 1753 .vero
609 1688 652 1752 ita
676 1684 785 1765 coluit,
826 1696 862 1753 ut
915 1685 1045 1777 insuper
1069 1685 1212 1776 quotidie
1236 1688 1368 1780 flagellis
1399 1690 1508 1758 conci-

270 1799 383 1860 carne‚·
415 1779 567 1868 omnique
597 1799 695 1870 opere
730 1780 862 1847 lectario
912 1777 1043 1848 duntur.
1068 1781 1129 1854 Sed
1155 1781 1306 1852 divinitus
1328 1783 1507 1862 sustentati,

271 1874 345 1956 totis
367 1873 458 1938 annis
488 1871 670 1953 abstineret
694 1894 752 1962 per
787 1895 868 1962 qua·
917 1884 989 1962 post
1028 1873 1146 1953 multos
1192 1873 1259 1944 dies
1308 1895 1419 1944 rursus
1447 1874 1508 1956 „ad

131 2028 132 2047 q
266 1965 477 2054 dragesimam
501 1969 607 2034 autem
638 1967 738 2045 tertia,
763 1969 860 2056 quin·
908 1965 1103 2057 Tyrannum
1149 1963 1367 2049 adducuntur,
1409 1979 1508 2058 atque

155 2054 158 2055 ἢ
267 2070 366 2148 taque
401 2058 489 2137 tarta,
519 2069 551 2129 et
579 2050 756 2134 'Dominioa
780 2080 861 2149 pane
909 2058 942 2124 in
959 2059 1071 2128 eedem
1089 2057 1153 2128 lide
1169 2072 1362 2142 constantes,
1377 2062 1505 2141 iterum,

268 2151 443 2231 dumtaxat,
468 2150 649 2242 frigidaque
676 2173 762 2241 aqua
783 2173 862 2220 oon-
910 2171 948 2218 eo
994 2153 1125 2242 saepius
1155 2153 1269 2224 affecti
1309 2153 1506 2236 verberibus,

269 2255 388 2325 tentus,
424 2253 566 2312 caeteros
596 2245 664 2312 dies
688 2247 756 2312 sine
792 2245 860 2315 ullo
909 2244 1010 2326 nudi,
1050 2247 1155 2337 capite
1196 2247 1335 2317 demisso
1374 2268 1509 2340 suspeu-

271 2338 345 2406 cibo
356 2335 544 2405 traduceret.
557 2337 767 2405 Vinumbibit
778 2359 862 2405 nun·
906 2337 1050 2420 duntur,.
1068 2341 1252 2432 ingentique
1277 2343 1366 2410 lumo
1390 2362 1428 2410 os
1451 2360 1509 2415 αθ·

272 2453 381 2521 quam,
393 2431 534 2498 cilicium
545 2441 702 2523 perpetuo
718 2430 862 2515 genvit.
910 2453 982 2500 rum
1007 2433 1166 2508 obruitur.
1182 2436 1253 2515 ‚Qui
1265 2445 1346 2503 curn
1364 2435 1509 2504 omnium

276 2527 334 2592 Tot
366 2534 483 2606 autem,
519 2525 679 2614 tantisque
714 2523 863 2594 Placidus
911 2525 1061 2612 opinione
1086 2529 1201 2592 mortui
1228 2527 1325 2595 relicti
1362 2528 1507 2608 luissent,

277 2617 438 2684 miraculis
461 2619 662 2698 coruscabat,
675 2627 787 2685 utnon
811 2637 865 2686 so-
913 2617 1068 2708 postridie
1093 2620 1169 2697 vivi,
1192 2622 1310 2686 sanatis
1327 2620 1510 2690 mirabiliter

278 2711 346 2778 lum
369 2712 531 2778 enriciuis
543 2713 632 2792 locis,
645 2710 759 2810 podex
772 2712 865 2778 Etru·
914 2705 1117 2792 vulneribus,¹
1130 2715 1244 2803 reperti
1263 2722 1346 2780 sunt.
1462 2767 1465 2770 .

277 2805 332 2884 ria,
357 2814 388 2870 et
423 2805 532 2872 Africa
566 2807 692 2888 aegroti·
713 2803 754 2870 ad
790 2825 865 2871 eum
960 2813 993 2888 rt.
1018 2803 1157 2874 Verbera
1178 2804 1368 2904 carnificum
1393 2814 1452 2875 eto.

277 2897 416 2966 sanitatis
427 2917 525 2965 eausa
536 2895 754 2977 conlluerent;¹
779 2918 869 2962 uam·
988 2909 991 2916 ’
1084 2966 1088 2988 .
1164 2902 1299 2968 Lentu.
1378 2917 1381 2923 '
1473 2939 1476 2944 ·

263 3013 374 3082 ⁴quarn
399 2989 645 3085 ischia-siggim
658 2920 873 3080 (widh
917 2943 1068 3060 Deinde
1092 2989 1233 3079 Flauiam
1246 3049 1249 3054 ,
1264 2993 1419 3083 virginem
1458 3014 1510 3062 se-

232 3086 321 3158 ntmi
343 3083 743 3179 humilitatemmiraculis,
784 3104 869 3172 quae
903 3085 1047 3174 ‘paratim
1073 3096 1227 3177 tyrannus
1242 3108 1421 3178 eggressus,
1435 3105 1511 3156 cum

278 3177 393 3246 laceret
410 3177 569 3259 omnibus,
582 3179 689 3244 Sancti
705 3179 868 3244 Benedicti
915 3176 990 3243 nibil
1007 3173 1064 3244 aut
1080 3181 1240 3265 terrendo,
1260 3190 1316 3248 aut
1328 3181 1511 3272 pollicendo

240 3253 412 3352 ”nomem
443 3273 622 3361 meritaque
660 3269 869 3360 praetendere
915 3269 1095 3361 proficeret,
1133 3273 1227 3362 jubet
1265 3273 1351 3343 illem
1391 3272 1512 3342 nudam
1570 3273 1572 3277 ’

276 3363 386 3432 solitus
409 3374 486 3433 erat.
511 3367 592 3434 Cum
629 3365 724 3453 igitur
754 3365 870 3430 sancti·
917 3362 1056 3454 pedibus
1079 3364 1142 3434 alta
1166 3389 1206 3435 ex
1235 3367 1324 3436 trahe
1347 3365 1512 3459 suspendi.

275 3456 347 3522 tatis
368 3458 525 3549 exemplo,
569 3468 602 3527 et
641 3457 872 3524 miraculorum
921 3455 978 3523 Cui
997 3475 1071 3524 cum
1099 3467 1254 3552 tyrannus
1283 3457 1436 3530 insultans
1454 3481 1514 3528 nu-

276 3550 493 3636 magnitudine
510 3550 871 3641 Religionemeristia-
918 3547 1022 3620 ditatis
1049 3553 1278 3643 turpitudinem
1294 3553 1512 3648 exprobraret:

275 3661 350 3705 nam
369 3651 509 3732 augeret,
533 3647 645 3736 quinto
670 3665 753 3714 anuo
771 3655 860 3735 post·
908 3642 999 3712 Unus
1022 3656 1080 3728 est,
1106 3648 1208 3739 iuquit
1247 3650 1360 3739 virgo,
1406 3647 1513 3726 maris,

256 3753 373 3821 quam
397 3736 429 3802 iu
454 3738 593 3805 Siciliam
635 3738 721 3805 venit
758 3736 866 3804 subita
912 3735 1135 3829 foeminaoque
1159 3755 1271 3812 auctor
1299 3739 1515 3828 conditorque

273 3827 506 3896 Saracenorum
561 3829 736 3920 irruptione
791 3851 865 3896 cum
913 3828 1127 3922 Deuszquarc
1153 3838 1382 3926 noquescx'us,
1406 3853 1515 3922 nequo

273 3919 443 4010 Eutychio,
467 3933 499 3990 et
523 3925 684 3991 Victorino
700 3921 860 4001 iratribus,
909 3922 1042 3990 nuditas
1068 3923 1145 3995 baec
1169 3927 1273 3996 fraudi
1314 3925 1391 3994 mihi
1425 3923 1545 4016 apud·

276 4013 451 4104 Flaviaque
485 4037 595 4084 sorore
630 4018 753 4104 virgine
775 4013 785 4103 (
810 4017 869 4105 qui
917 4014 1008 4081 illum
1034 4016 1142 4089 lutura
1166 4032 1224 4102 est,
1251 4023 1374 4112 quippe
1414 4039 1527 4109 quam.

274 4106 358 4174 forte
380 4131 438 4198 per
461 4129 518 4176 eos
547 4109 633 4177 dies.
656 4109 695 4176 ad
738 4109 864 4175 fratrem
915 4128 973 4198 pro
1000 4109 1084 4176 illius
1114 4133 1221 4180 amore
1262 4115 1415 4192 sustine0‚
1455 4112 1513 4201 qui

273 4199 439 4270 visendum
472 4204 589 4274 Romae
618 4215 869 4292 usqueconten-
919 4223 990 4268 mea
1016 4224 1112 4270 causa
1138 4227 1200 4273 uon
1242 4197 1367 4289 nudari
1394 4205 1510 4284 solum,

272 4289 384 4363 derant
406 4296 416 4388 l
441 4317 573 4392 necnon·
583 4299 716 4381 Donato,
735 4297 865 4379 Fausto,
918 4295 974 4365 sed
993 4298 1084 4372 croci
1103 4301 1195 4370 otiam
1212 4299 1296 4392 alli-gi
1317 4299 1427 4370 voluit.
1442 4299 1520 4378 Quo
