3584 5034
663 567 791 638 rnsrc
815 545 1036 638 susumus
1098 531 1102 537 ’
1419 573 1463 640 ao

239 682 302 749 nita
324 689 356 750 et
378 679 525 773 exempla
548 679 661 748 sectari
675 701 694 760 ;·
709 688 746 746 ut
768 700 826 770 per
873 677 955 746 dum
976 681 1081 749 carnis
1103 680 1241 749 stimulis
1263 681 1378 750 acriter
1407 702 1463 750 ur·

239 775 433 846 terrestrium
469 795 577 842 rerum
609 783 828 864 contemptum
876 783 1027 860 geretur,
1052 774 1270 844 insultantium
1296 773 1466 843 libidinum

238 877 364 936 aeterna
372 865 493 958 gaudia
504 886 750 959 consequamur:
768 868 828 936 Per
875 865 962 934 laces
1000 866 1175 957 rigentibus
1209 867 1312 936 Fluvii
1339 890 1466 938 mersus

237 961 408 1029 Dominum
432 971 588 1028 nostrum.
813 999 827 1048 χ
871 964 965 1050 aquis
982 971 1078 1029 noctu
1094 960 1312 1052 extinguebat
1326 971 1395 1030 tum
1411 984 1467 1031 vc-

279 1117 283 1124 .
315 1047 317 1055 ’
354 1055 398 1122 IN
432 1055 457 1120 1.
485 1055 735 1124 Noctttttrto
874 1054 1027 1126 necabilia
1060 1077 1217 1146 quaeque,
1241 1056 1327 1122 Loca
1366 1053 1466 1136 obire,

285 1147 449 1218 Lectiones
473 1149 510 1216 de
531 1143 706 1236 'scriptura
722 1170 829 1234 occur}
876 1157 1046 1238 totumque
1096 1148 1282 1216 Psalterium
1336 1148 1469 1218 recitare

238 1253 334 1310 rente.
357 1239 396 1309 Io
422 1240 681 1330 Quadrupcsimo.
715 1239 832 1310 Fidelis
879 1250 1099 1310 consueverat.
1116 1242 1188 1333 Ope
1203 1239 1332 1309 assidua
1348 1264 1469 1334 paupe

239 1353 356 1404 sermo.
878 1357 931 1404 res
954 1334 1107 1427 levabat,
1128 1333 1248 1424 quibus
1286 1335 1469 1427 frequenter

355 1427 399 1494 ΙΝ
423 1426 465 1492 ll.
489 1425 715 1496 NOCTURNO
876 1429 975 1520 pastis
998 1422 1160 1509 convivio,
1170 1428 1307 1520 propriis
1321 1431 1388 1522 ipse
1402 1451 1468 1496 ma-

286 1545 289 1550 ·
456 1521 541 1589 Lect
570 1540 613 1588 tv.
740 1545 746 1558 ·
819 1576 822 1584 .
853 1520 971 1590 rnibus
994 1521 1199 1589 ministrabat.
1518 1564 1522 1572 .

241 1567 386 1683 Petrus
411 1613 579 1683 Ravennae
603 1612 743 1682 honestis
770 1614 828 1680 Pa*-
914 1615 964 1691 tt(
978 1615 1097 1696 lnveni.

240 1706 382 1782 rentibus
406 1717 500 1774 natus
522 1705 629 1774 adhuc
660 1705 829 1780 ¹lacteusa
1030 1737 1033 1741 ’
1104 1711 1186 1778 Lcct.
1209 1729 1238 1776 r.
1271 1755 1276 1762 -

238 1800 336 1870 Matre
359 1821 551 1868 numerosae
571 1799 671 1892 prolis
686 1810 831 1890 pertaesa
877 1753 1128 1869 perficiendae
1152 1804 1252 1891 magis
1274 1803 1360 1872 uitae
1374 1823 1468 1872 caus·

237 1893 394 1984 abjicitur,
415 1891 481 1962 sed·
500 1891 694 1984 domesticae
717 1893 832 1960 mulie-
879 1893 953 1962 sain
966 1894 1469 1982 Avellauensillugubinaellioe-

238 1987 282 2054 ris
307 2008 405 2078 opera
428 1987 601 2056 semivivus
626 1995 779 2078 exceptus
793 2005 832 2053 ac
879 1989 962 2056 cesis
988 1984 1278 2072 coenobio-ordini
1296 1988 1468 2056 llonacbo

239 2091 405 2150 recreatus
426 2081 576 2148 Genitriei
592 2080 634 2148 ad
651 2080 830 2150 humanita·
880 2104 953 2149 rum
977 2082 1112 2149 Sanctae
1129 2081 1241 2149 Crucis
1255 2081 1470 2150 Fontisllvel-

238 2175 278 2241 tis
300 2195 433 2242 sensum
470 2184 641 2242 revocatae
677 2172 830 2242 redditur.
878 2175 973 2244 lanae
994 2196 1014 2241 a
1037 2177 1134 2258 Beato
1157 2173 1329 2266 Lndulpho
1352 2176 1383 2243 S.
1408 2176 1471 2242 lto-

239 2267 387 2357 Utroque
422 2263 554 2354 orbatus
594 2267 726 2335 Parente
749 2277 829 2334 tam·
876 2267 997 2337 mualdi
1022 2267 1186 2360 Discipulo
1201 2267 1335 2337 fundato
1350 2287 1469 2338 nomen

243 2381 343 2450 qaam
368 2361 430 2429 vile
454 2359 650 2452 mancipium
664 2359 726 2427 sub
741 2383 834 2452 aspe·
880 2361 978 2431 dedit.
1014 2364 1086 2430 Nou
1109 2363 1163 2429 «ita
1193 2363 1297 2432 multo
1331 2373 1405 2454 post
1436 2363 1469 2429 in

238 2475 276 2520 ra
299 2455 416 2522 Fratris
440 2454 538 2522 tutela
563 2453 676 2522 duram
693 2455 830 2523 servitus
876 2456 1102 2528 llonasterium
1119 2457 1377 2548 Pompusianum,
1393 2476 1470 2528 mox

240 2556 303 2614 tem
318 2547 469 2616 exercuit.
488 2548 656 2638 Religionis
672 2547 830 2640 inlisum,
860 2611 863 2617 ,
879 2550 911 2614 in
935 2547 1132 2615 Coeuobium
1145 2549 1176 2615 S.
1189 2549 1469 2616 Vincentii‘l'etrae

239 2659 277 2707 ae
295 2642 419 2732 pietatis
434 2663 510 2730 erga
526 2642 651 2709 Patrem
668 2641 844 2730 egregium,
879 2641 1031 2709 Pertusae
1054 2639 1096 2706 ab
1112 2639 1238 2708 Abbate
1263 2661 1325 2707 suo
1341 2642 1468 2722 missus,

239 2743 317 2801 tunc
341 2734 505 2825 specimen
538 2733 636 2822 dedit3
670 2734 833 2802 inventum
881 2746 1058 2823 utrumque
1081 2732 1278 2800 Asceterium
1302 2733 1402 2802 verbo
1418 2755 1471 2802 sa-

238 2825 399 2916 siquidem
437 2826 518 2892 forte
558 2823 728 2892 nummum
765 2847 830 2892 non
875 2847 943 2907 cro,
968 2824 1139 2917 praeclaris
1163 2825 1470 2910 institutionibus,'et

237 2920 389 3010 propriae
397 2916 523 2986 inediae
532 2915 761 2997 sublevandae,
772 2915 830 2984 sed
878 2913 1022 3002 moribus
1045 2919 1192 2986 excoluit.
1210 2919 1264 3012 nd
1281 2941 1360 2989 suos
1374 2941 1470 2990 revo-

238 3009 415 3092 Sacerdoti,
432 3011 497 3100 -qui
523 3009 667 3077 divinum
702 3009 830 3078 Sacrifi-
877 3017 1052 3104 catuspost
1067 3011 1223 3081 Praesidis
1240 3013 1362 3082 obitum
1374 3014 1470 3085 Avel-

240 3105 329 3173 cium
352 3103 395 3172 ad
412 3104 497 3172 illius
511 3105 721 3195 expiationem
737 3103 831 3173 olleo
877 3104 1046 3176 Ianitorem
1087 3106 1237 3175 Familiae
1275 3106 1470 3199 praeficitur,

241 3207 301 3282 ret,
326 3199 478 3289 erogavit.
502 3197 530 3264 Αἵ
555 3197 709 3266 Damione
724 3200 831 3290 fratpe,
880 3221 977 3289 quam
1004 3202 1096 3268 novis
1118 3199 1215 3268 variis
1238 3201 1270 3267 in
1297 3200 1390 3268 Locis
1415 3223 1471 3269 ex·

239 3313 263 3360 a
283 3313 351 3383 quo
377 3292 422 3360 uti
447 3292 549 3361 fertur
584 3302 832 3380 cognomentum
881 3294 993 3361 tructis
1017 3293 1202 3374 Domiciliis,
1218 3305 1252 3360 et
1266 3294 1471 3363 sanctissimis
1595 3333 1599 3339 »

236 3387 374 3477 accepit,
398 3384 832 3476 ejuscura'litteris‘erudi-
880 3385 1030 3453 institutis
1052 3385 1096 3450 ita
1117 3384 1225 3467 aunlt,
1240 3388 1379 3457 ut-alter
1400 3390 1471 3479 ejus

241 3488 305 3559 tur;
322 3483 353 3546 in
371 3481 491 3571 quibus
506 3478 602 3548 brevi·
621 3485 743 3546 tantum
760 3499 834 3568 pro·
881 3477 1023 3546 Ordinis·
1035 3478 1163 3561 Parcus,
1189 3501 1228 3548 ac
1254 3475 1472 3575 *praecipuum

242 3570 329 3652 lecit,
347 3583 382 3640 ut
397 3575 551 3664 Magistris
567 3571 765 3640 admirationi
782 3593 833 3640 es·
881 3581 1104 3639 ornamentum
1118 3572 1192 3660 jure
1202 3574 1398 3643 sithabitus.
1414 3576 1472 3641 Sa·

241 3675 301 3734 set.
341 3667 449 3746 Quum
499 3675 605 3734 autem
645 3664 830 3734 liberalibus
878 3663 1014 3733 luterem
1040 3665 1121 3733 Petri
1148 3666 1392 3735 sollicitudinem
1410 3665 1472 3734 elin

241 3759 382 3828 scientiis
405 3757 530 3829 lloreret
553 3769 585 3828 et
608 3759 744 3838 nomine,
776 3778 830 3826 eas
877 3756 1134 3848 quoquediversi
1153 3760 1283 3828 instituti
1299 3758 1469 3841 Coenobia,

242 3873 320 3923 oum
354 3850 450 3920 laude
490 3853 610 3921 docuit.
646 3851 775 3919 Interim
789 3861 836 3919 ut
882 3852 1116 3920 Canonicorum
1140 3853 1334 3932 Conventus,
1361 3862 1394 3918 et
1409 3852 1471 3919 Po-

242 3957 368 4038 corpus¹
379 3945 494 4014 rationi
505 3944 659 4014 subderet
673 3942 735 4010 sub
749 3942 829 4010 mol·
875 3945 943 4035 puli
967 3956 1043 4013 sunt
1070 3948 1199 4036 experti.
1215 3944 1359 4014 Urbinati
1374 3943 1469 4016 Dioc-

242 4038 329 4106 libus
353 4037 496 4108 vestibus
522 4037 662 4108 cilicium
677 4035 831 4120 adhibuit,
879 4039 944 4105 cesi
973 4059 1039 4106 non
1078 4059 1144 4105 uno
1179 4037 1311 4114 nomine.
1341 4037 1469 4130 proluit:

238 4132 389 4222 jejuniis,
412 4130 547 4220 vigiliis,
571 4139 603 4204 et
620 4129 831 4200 ,orationibus
877 4130 1039 4199 -Tbeuzoni
1078 4131 1238 4223 Episcopo
1277 4131 1310 4199 ln
1352 4153 1469 4202 caussa

243 4225 376 4296 solerter
399 4223 555 4296 insistens.
568 4222 835 4314 Calentejuuenta
880 4225 1066 4312 gravissime
1088 4223 1216 4309 assedit,
1241 4225 1414 4319 ipsumque
1436 4226 1469 4292 in
