3584 5034
697 587 829 660 rusca*
848 585 1065 664 ruentem
1260 547 1268 555 ’
1444 587 1488 660 aa

271 699 398 772 seuiarl'·
416 699 481 772 uon
515 697 627 773 renuit:
657 700 849 798 scalasltlo·
897 711 996 863 atque
1018 698 1237 791 undequaque
1259 710 1392 796 poterat,
1407 703 1486 772 sub·

268 797 402 879 casterii,
418 805 533 867 onusta
547 797 855 888 ingentiCruoe,ge·
901 797 928 865 si
952 797 982 863 ia
1007 793 1216 884 corrogabat3
1251 795 1416 886 quinimo,
1451 808 1488 867 nt

268 890 362 958 uibus
384 889 556 960 ascendere
579 885 751 982 aliquando
775 910 853 960 con·
900 911 998 979 quam
1014 886 1202 996 p'rffegenis
1217 897 1249 956 et
1264 888 1409 957 invalidis
1423 890 1489 958 sol-

267 984 388 1064 suevit;
428 1003 513 1054 nuno
552 1006 685 1076 quoque
722 984 849 1067 urticas,
896 981 1093 1050 ‘licitudiuem
1118 979 1307 1078 ostenderat,
1332 993 1488 1074 perpetuo

267 1077 609 1167 nuuccerasliquatas,
623 1076 719 1145 modo
735 1078 851 1158 nivem,
899 1074 1048 1155 firmaret;
1075 1075 1156 1141 duas
1181 1074 1380 1156 Sodalitates,
1405 1090 1490 1166 quae

206 1247 210 1264 ι
267 1180 298 1238 et
321 1169 479 1258 glaciem,
497 1170 595 1238 modo
618 1171 727 1238 alveos
750 1172 853 1259 rigen—
903 1167 1091 1236 eorumdem
1114 1188 1224 1235 curam
1248 1177 1418 1257 gererent,
1443 1171 1490 1238 in·

267 1263 345 1330 tium
375 1280 530 1352 aquarum
547 1263 587 1330 ad
611 1265 854 1332 macerationem
902 1263 987 1330 stitui
1004 1261 1135 1347 curarit.
1153 1262 1237 1349 Erga
1251 1263 1491 1330 Sanctissimum

267 1354 426 1434 adhibuit,
446 1357 559 1424 Christi
584 1357 709 1424 Domini
734 1356 858 1424 Passio·
905 1354 1119 1422 Eucharistiae
1154 1355 1392 1422 Sacramentum
1431 1355 1491 1424 luit

267 1471 351 1529 uem,
377 1471 473 1539 quam
498 1469 702 1540 summopere
725 1470 856 1518 venera·
902 1449 1105 1517 vehementer
1119 1446 1239 1529 affecta,
1257 1449 1351 1536 cujus
1365 1450 1489 1516 cultum

269 1541 376 1622 batur,
400 1553 473 1634 apte
490 1565 509 1610 a
524 1565 559 1610 se
577 1544 751 1632 excogitata
774 1551 857 1608 atro-
905 1552 941 1610 ut
963 1541 995 1608 iu
1020 1541 1088 1608 aliis
1112 1561 1245 1631 quoquo
1277 1552 1494 1632 promoveret,

267 1634 464 1703 cissimarum
489 1657 664 1726 poenarum
688 1636 769 1703 serie
785 1635 854 1700 imi·
901 1633 980 1701 illud
1005 1634 1188 1724 frequenter
1201 1655 1389 1726 perannum
1414 1656 1490 1704 cum

267 1730 324 1794 tari
349 1728 380 1795 iri
405 1723 514 1818 majori
556 1729 767 1809 hebdomada,
791 1729 856 1795 sin·
903 1728 1037 1796 solemni
1061 1748 1189 1818 pompa,
1214 1749 1311 1818 quam
1336 1731 1403 1796 Deo
1418 1747 1490 1818 gra-

265 1821 414 1914 gulisque
436 1823 531 1890 sextis
554 1823 639 1890 feriis
667 1822 759 1890 solita
783 1820 850 1890 luit
899 1831 962 1888 tam
972 1820 1070 1886 luisse
1082 1819 1234 1886 nonnulla
1245 1819 1389 1911 prodigia
1401 1842 1492 1889 eom«

264 1915 414 1982 Patientia
443 1918 474 1981 iu
497 1914 847 2006 perierehilisiujurih,
899 1911 1102 2007 probarunt,
1125 1911 1273 2003 publicae
1296 1916 1490 1982 venerationi

263 2005 432 2074 christiana
444 2007 612 2090 humilitas,
625 2008 785 2098 virginalis
799 2029 853 2077 ve·
899 2005 1123 2098 exponendum
1148 2025 1273 2072 omnem
1286 2025 1415 2095 operam
1432 2006 1490 2074 ad-

263 2099 427 2180 recundia,
452 2104 489 2166 a'c
504 2123 629 2169 summa
653 2102 805 2170 sedulitas
821 2101 853 2168 in
899 2100 1011 2168 hibuit.
1036 2099 1204 2191 Deiparam
1238 2098 1396 2188 Virginem
1425 2111 1489 2168 tam

264 2193 409 2272 Novitiis,
426 2192 545 2282 quibus
560 2204 714 2284 praeerat,
732 2193 772 2261 ad
785 2215 857 2284 por·
905 2195 1047 2285 impense
1070 2193 1169 2260 coluit
1192 2190 1346 2282 otidigna
1383 2192 1492 2262 habita
1553 2279 1556 2286 Ι

267 2285 438 2352 lectionem
456 2285 680 2376 provehendis,
697 2287 727 2354 in
743 2307 781 2355 ea
798 2288 856 2354 mi·
903 2288 1008 2368 luerit,
1032 2307 1116 2377 quae
1141 2287 1211 2374 ejus
1226 2285 1424 2377 apparitione
1439 2307 1500 2362 re,

253 2377 354 2464 ‘rilioe
377 2379 553 2447 eluxerunt.
571 2381 755 2448 Animarum
773 2401 856 2470 quo·
902 2389 1072 2448 crearetur.
1089 2379 1283 2470 Prophetiae,
1296 2380 1493 2471 contemplet}

266 2494 331 2560 que
354 2473 423 2539 zelo
447 2473 585 2556 incensa,
613 2474 721 2565 plures
753 2474 855 2540 inimi·
901 2475 1005 2554 tinnis,
1017 2473 1230 2564 lacrymarum
1247 2471 1345 2554 dono,
1356 2473 1492 2563 aliisque

264 2567 353 2632 citias
375 2567 519 2649 sustulit,
538 2568 748 2658 periclitantes
764 2567 856 2656 puel·
902 2566 1145 2633 charismatibus
1166 2561 1282 2633 lloruit.
1317 2570 1409 2632 Auno
1433 2567 1490 2635 de-

263 2656 311 2724 las
335 2660 459 2727 intuto
493 2662 682 2742 collocavit,
707 2660 853 2752 plurimis
900 2660 1002 2748 nique
1039 2655 1208 2722 millesimo
1261 2659 1489 2730 sexcentesimo

266 2749 308 2816 ad
333 2752 497 2820 meliorem
533 2753 656 2840 frugem
692 2753 856 2834 traductis,
904 2749 1159 2841 quadragesimo,
1178 2749 1288 2816 aetatis
1302 2769 1381 2818 suae
1396 2752 1491 2841 quin-

264 2843 299 2909 iu
321 2843 540 2936 proximorum
564 2845 666 2911 salute
681 2865 856 2935 procurau·
902 2843 1088 2933 quagesimo
1096 2842 1207 2932 quinto
1219 2842 1364 2910 inchoato
1376 2845 1408 2911 in
1419 2864 1491 2913 cae·

265 2933 320 3016 da,
346 2955 413 3026 qua
435 2934 641 3016 orationibus,
659 2957 724 3026 qua
740 2937 854 3004 veluu-
901 2936 970 3003 lum
1002 2947 1133 3004 evocata
1162 2946 1220 3017 est,
1245 2937 1338 3026 cujus
1365 2938 1490 3029 Corpus

265 3029 352 3096 tariis
377 3029 521 3120 corporis
549 3025 752 3110 cruciatibus
770 3030 856 3098 omni
904 3030 937 3096 in
961 3029 1102 3097 Ecclesia
1125 3031 1225 3097 sauoti
1240 3027 1421 3098 oemamtut
1439 3033 1490 3100 Vi-

265 3117 406 3210 denique
430 3131 547 3191 conatu
566 3123 684 3214 jugiter
701 3121 853 3191 incubuit.
903 3121 994 3191 terhii
1005 3123 1130 3205 colitur,
1146 3144 1285 3213 eamque
1298 3123 1489 3192 Benedictus

312 3227 344 3302 rt.
370 3215 682 3306 Dilexisti‘justitiam
709 3227 768 3285 etc.
903 3216 1049 3285 decimus
1072 3215 1184 3285 tertium
1205 3216 1323 3293 meritis
1349 3222 1381 3284 et
1396 3217 1491 3285 mira·

234 3321 237 3330 '
389 3337 391 3342 ·
486 3310 569 3378 Lect.
593 3331 637 3392 ut.
788 3319 794 3336 “
900 3309 986 3377 culis
1006 3310 1124 3380 claram
1146 3309 1183 3384 irr
1204 3307 1381 3391 lieatar'um,
1415 3311 1490 3379 Pius

264 3349 474 3492 Aegrorum
510 3403 541 3470 iri
575 3403 788 3485 nosocomiis,
812 3425 850 3474 ae
896 3422 976 3485 uero
1001 3401 1155 3492 cepimus
1169 3400 1202 3468 in
1218 3402 1406 3472 Sanctarum
1421 3405 1491 3473 Vir-

262 3511 443 3585 pauperum
479 3497 711 3589 patrocinium,
744 3518 856 3587 quam·
901 3495 1013 3586 giuum
1035 3514 1206 3563 numerum
1237 3496 1421 3566 retulerunt.

266 3608 366 3676 quarn
388 3589 490 3681 inops,
515 3591 600 3658 omui
624 3589 731 3658 studio
747 3609 856 3660 susce·
950 3595 983 3671 h.
1008 3585 1187 3657 hilarentur
1208 3590 1275 3677 regi
1298 3601 1359 3659 etc,

265 3682 326 3771 pit,
344 3688 376 3746 et
391 3691 429 3749 ut
443 3681 554 3752 iisdem
578 3687 776 3766 succureret,
793 3703 857 3752 uon
956 3701 961 3710 ’
1013 3681 1057 3748 lli
1081 3679 1137 3748 lll.
1162 3681 1389 3753 Noctoutto

251 3773 374 3843 ,solum
397 3777 532 3866 propriis
556 3778 624 3869 ipsa
648 3775 794 3848 manibus
811 3776 858 3844 la·
951 3775 1033 3844 tere
1058 3776 1096 3843 ee
1118 3799 1226 3843 comm
1257 3776 1385 3866 hirqui
1413 3777 1488 3846 leco.

153 3879 157 3888 ⁴
263 3864 424 3949 berabat,
465 3879 497 3936 et
534 3867 755 3960 quotidianum
789 3868 850 3938 sibi
896 3872 939 3954 In,
953 3869 1112 3958 Quodrcq.
1130 3887 1173 3936 tx.
1187 3869 1255 3938 leet.
1272 3869 1361 3936 Hom·
1378 3869 1415 3937 de
1430 3873 1492 3962 fer,

264 3960 387 4028 victum
411 3959 627 4045 subtrahebat,
643 3962 785 4030 frustulis
799 3981 856 4054 pa'·
1172 3998 1216 4012 -

262 4054 314 4121 nis
338 4063 497 4136 contenta
520 4055 577 4123 sed
594 4055 743 4125 liloniales
757 4059 851 4126 etiam
1116 4053 1185 4120 DIE
1213 4057 1263 4122 lb.

263 4165 304 4212 ao
327 4147 484 4216 llatronas
507 4148 668 4238 Civitatis,
699 4151 851 4242 virosque
974 4149 1022 4216 «8.
1046 4149 1114 4215 Tm
1136 4145 1191 4213 lie.
1216 4149 1250 4216 C.
1279 4150 1397 4240 dispice
1526 4185 1529 4192 ·

263 4238 377 4312 divitas
400 4241 442 4312 ad
483 4241 518 4312 id
543 4243 648 4337 operis
684 4235 849 4326 alliciebat,
948 4241 1067 4310 &neria
1089 4241 1137 4328 {cle
1163 4264 1240 4310 eme.
1278 4246 1363 4338 conf.
1399 4247 1490 4315 Perit

902 4347 1030 4425 praeter
1053 4333 1218 4422 sequente
