3584 5034
675 666 802 737 nnsm
825 668 1056 762 ceraunus
1260 698 1262 704 -
1410 670 1475 738 ren

129 856 130 861 ,
254 801 293 850 ex
310 799 355 853 eo
377 788 521 870 tempore
543 777 686 861 sancivit,
715 803 757 850 ne
784 779 841 852 de-
887 792 973 853 tanla
989 779 1207 854 circumdatus
1223 779 1481 872 Purpmatorum·

253 875 364 966 inceps
385 872 497 942 altaria
516 874 578 942 nisi
603 895 643 944 ex
658 871 764 965 lapide
779 874 847 952 fic,
886 876 1025 958 Patrem,
1066 881 1098 948 et
1139 874 1319 942 antistitum
1357 893 1480 942 corona

253 979 332 1035 rent.
356 963 445 1034 Idem
470 965 581 1035 beatus
607 967 757 1037 Silvester
781 971 845 1036 lla-1
888 968 1074 1038 solemniter
1119 965 1290 1047 dedicavit,¹
1343 967 1479 1056 ejusque

128 1084 130 1090 ⁸
255 1060 374 1128 silicam
397 1061 496 1126 sancti
522 1059 611 1149 Pauli
635 1059 775 1151 Apostoli
807 1063 839 1127 in
885 1061 1080 1132 celebritatis
1101 1061 1285 1128 memoriam
1326 1057 1386 1128 hac
1424 1059 1479 1128 die

253 1157 308 1218 via
332 1153 472 1220 Ostiensi
495 1153 546 1219 ab·
561 1154 674 1237 eodem
691 1156 845 1222 Constau-
891 1154 1097 1224 recolendam
1113 1153 1262 1222 decrevit.

254 1247 520 1334 tinolmperatnre
534 1245 844 1336 magnificentissime
939 1250 973 1326 tl.
998 1249 1089 1316 llane
1113 1269 1257 1336 surgens.

128 1350 129 1409 i
255 1337 450 1406 aedificatam
475 1338 643 1408 dedicavit.
667 1345 757 1422 Quas
781 1342 841 1408 Bs-

254 1432 359 1498 suren
398 1431 484 1505 auem
519 1434 695 1523 Imperator
735 1434 849 1502 murus.
1112 1381 1260 1502 urnae.

253 1524 392 1616 praediis
429 1524 585 1596 attributis
625 1528 838 1619 locupletavit,
1021 1529 1052 1598 S.
1077 1527 1241 1600 Srnvnsrut
1275 1531 1349 1594 Anu.

252 1637 293 1684 ac
332 1618 519 1688 muneribus
556 1622 758 1713 amplissimis
785 1642 841 1692 ex-
1142 1621 1224 1710 dupl.

127 1780 128 1785 ,
256 1715 391 1792 ornavit.
437 1729 441 1740 ·
891 1715 982 1782 Orno.
1006 1725 1040 1784 nt
1062 1712 1099 1782 in
1120 1711 1292 1806 appendice
1316 1711 1482 1784 Bravicrr'i

299 1815 330 1890 13.
355 1807 384 1876 O
408 1828 516 1897 quam.
1158 1845 1203 1861 *-

497 1901 632 1975 Lect.vr.
657 1947 660 1954 -
1112 1899 1181 1966 DIE
1206 1901 1260 1968 il.

253 1939 387 2066 Porro
437 1992 619 2062 vaticanam
649 1993 842 2070 ,Basilicam
958 1998 1058 2064 Burri
1081 1994 1243 2064 Lunuauur
1267 1996 1411 2060 aPnuru

254 2093 410 2162 vetustate
421 2085 610 2174 jampridem
621 2086 842 2167 collabentem,
920 2081 925 2098 ’
1029 2087 1190 2156 Manuaria
1212 2088 1343 2156 Connus.

254 2199 293 2245 ac
314 2187 484 2267 propterea
523 2179 697 2248 multorum
737 2181 843 2248 Ponti·
1145 2181 1228 2269 dnpl.

253 2269 355 2339 ficum
378 2273 496 2360 pietate
518 2269 612 2338 latius
635 2291 674 2338 ac
697 2271 844 2361 magnili-
941 2273 1058 2348 Ornnia
1088 2276 1126 2342 de
1155 2296 1265 2342 comm.
1308 2275 1395 2362 Cous.
1420 2297 1482 2340 non

257 2353 422 2433 centiusa
461 2364 674 2434 fundamentis
703 2375 843 2441 erectam
867 2366 978 2443 ,Pcnt
998 2379 1125 2457 praeter
1148 2389 1270 2456 aequam

255 2456 406 2526 Urbanus
445 2468 580 2528 octavus
617 2457 677 2529 hac
730 2457 842 2528 eadem
1139 2459 1250 2528 Oratio

255 2561 439 2620 recurreno
478 2551 531 2619 uie
570 2553 646 2620 aaut
685 2551 841 2620 „arrasum
890 2508 1017 2635 licus,
1044 2553 1101 2642 qut
1126 2553 1167 2619 aa
1191 2553 1349 2622 ossanna
1372 2572 1485 2642 pecea-

256 2643 476 2712 sexcentesimi
512 2645 652 2734 vigesimi
686 2648 765 2716 sexti
789 2665 842 2713 so-
890 2657 995 2716 tnrum
1037 2645 1135 2714 corda
1169 2665 1228 2735 per
1262 2645 1485 2732 Evangelicam

252 2735 354 2806 lemni
377 2740 439 2804 ritu
456 2740 661 2816 consecravit.
677 2740 845 2809 Basilicam
890 2739 1158 2830 praedicationem
1185 2737 1228 2806 ad
1262 2738 1486 2828 poeniteutiam

256 2849 336 2898 vero
358 2831 534 2922 Ostiensem
559 2855 661 2921 quum
692 2833 760 2900 dira
799 2832 847 2900 in·
892 2831 1047 2902 flectenda
1058 2833 1092 2898 B.
1105 2829 1304 2901 Leonardum
1317 2830 1486 2900 Conlesao-

124 2995 126 3000 ,
251 2921 360 2995 cendii
384 2924 434 3010 vis
456 2943 541 2990 auno
564 2926 731 2994 millesimo
747 2925 848 2994 octin·
893 2949 962 2998 ram
984 2937 1076 2994 tunm
1092 2923 1311 2993 admirabilem
1321 2925 1486 2992 sanctitate

124 3066 125 3069 ,
257 3017 431 3104 gentasimo
448 3018 600 3105 vigesimo
615 3021 707 3087 tertio
721 3021 847 3110 penitus
893 3031 926 3088 et
949 3021 1065 3086 invicto
1077 3018 1202 3091 dicendi
1216 3018 1343 3087 robore
1354 3019 1487 3086 suscita·

257 3113 516 3200 consumpsisset,
534 3110 692 3180 indelessa
708 3125 848 3203 quatuor
890 3114 945 3180 sti:
969 3113 1011 3180 da
1033 3133 1240 3202 quaesumus
1265 3122 1302 3181 ut
1324 3111 1486 3182 contritio-

258 3202 850 3298 Pontificumcurasplendidiusquam
897 3207 946 3276 nis
969 3207 1126 3298 lacrymas
1137 3205 1179 3273 ad
1190 3227 1272 3297 quas
1282 3203 1324 3273 nb
1337 3204 1487 3272 duritiam
1594 3275 1597 3282 Δ

251 3308 351 3372 ¹antea
379 3309 527 3380 erectam,
570 3310 602 3371 et
639 3301 681 3367 ab
719 3302 844 3370 interitu
889 3299 996 3368 cordis
1019 3301 1118 3369 nestri
1129 3301 1310 3389 permoveri
1322 3319 1386 3366 nou
1410 3315 1486 3387 pns-

261 3390 361 3457 veluti
384 3390 574 3468 vindicatam
611 3395 685 3460 Pius
724 3395 846 3476 Nonus,
895 3415 1020 3473 sumus,
1044 3414 1102 3482 per
1125 3394 1194 3481 ejus
1214 3412 1335 3482 preces,
1361 3413 1399 3462 ac
1423 3411 1490 3460 me·
1523 3469 1525 3474 ,

259 3484 541 3572 auspicatissimam
566 3499 678 3556 nactus
709 3490 851 3559 occasio·
899 3487 958 3553 rita
982 3507 1227 3577 consequamur,
1239 3487 1300 3554 Per
1316 3487 1490 3556 Dominum

161 3594 163 3598 ·
261 3597 346 3657 nem,
365 3598 430 3664 qua
439 3579 563 3666 Dngma
589 3581 631 3650 de
644 3581 852 3650 Immaculata
894 3588 1042 3650 uestrum
1067 3590 1127 3648 etc.

199 3703 207 3724 ι
251 3668 375 3738 .Beatae
386 3671 501 3740 llariae
509 3675 643 3763 Virginis
658 3676 847 3766 Conceptio·
1021 3673 1066 3740 IN
1090 3672 1115 3739 Ι.
1138 3671 1364 3743 NOCTURNO

259 3783 301 3830 ne
324 3783 428 3852 nuper
450 3763 491 3832 ab
517 3769 589 3857 ipso
605 3769 847 3858 proclamatum,
893 3821 897 3826 .
987 3767 1071 3838 Lact.
1092 3769 1131 3838 da
1158 3765 1272 3856 Script
1299 3787 1401 3835 occur.

251 3854 420 3944 ingentem
443 3856 656 3928 Cardiualium
671 3870 704 3928 et
717 3861 849 3951 Episco-
1011 3860 1055 3927 ΙΝ
1079 3860 1119 3926 11.
1143 3859 1368 3930 NOCTURNO
1478 3901 1481 3908 ι

215 4026 218 4030 ’
258 3968 633 4114 lilidiiudaiiildiidiuOnrbeid
662 3953 851 4137 idffiffipid
897 3999 1046 4114 Beatus
1060 3955 1384 4132 Leoddrcdusld-Portu
1400 4043 1489 4112 liau-

261 4136 394 4204 Romam
418 4146 597 4221 attraxerat,
635 4139 689 4208 die
729 4139 851 4209 decima
897 4140 969 4208 nitio
994 4140 1025 4206 in
1050 4160 1106 4207 ora
1123 4139 1281 4228 Ligustica
1297 4137 1405 4206 ltaliae
1427 4137 1488 4228 piis

261 4229 448 4305 Decembris
471 4237 546 4299 anni
569 4233 724 4302 millesimi
748 4234 848 4302 octiu·
894 4232 1079 4324 parentibus
1104 4243 1207 4312 natus,
1223 4234 1319 4300 etiam
1342 4253 1362 4298 a
1385 4233 1487 4323 prima

262 4325 427 4416 geutesimi
455 4327 846 4421 quinquagesimiquarti
892 4327 1029 4421 pueritia
1051 4324 1336 4420 mirificequadam
1347 4345 1488 4418 propen-
