3584 5034
318 611 362 678 m
747 575 873 676 rusve
896 607 1115 678 runnnnnn

361 718 392 787 i.
426 723 524 788 Tuam
556 719 733 790 ¹sindonem
772 741 904 790 venera·
1172 721 1253 788 Dent.
1281 738 1314 785 n.
1353 729 1357 738 '
1408 728 1412 734 “

316 837 389 882 mur
410 815 556 886 Domino.
684 821 687 826 '
841 865 844 870 .
951 765 1100 882 Omnes
1125 833 1184 880 nos
1209 813 1301 903 quasi
1326 830 1403 878 oves
1420 811 1541 878 erravi·
1659 814 1663 837 l

361 914 394 988 ri.
410 910 516 976 Tuam,
526 907 696 976 recolimus
712 907 903 999 passionem.
950 927 1034 987 mus,
1060 908 1285 996 unusquisque
1303 906 1334 972 in
1349 905 1433 972 viam
1448 926 1541 971 snam

954 998 1131 1067 declinavit:
1155 1010 1187 1067 et
1210 1001 1316 1090 posuit
1339 999 1493 1064 Dominus
1509 998 1543 1062 in

951 1113 990 1160 eo
1016 1094 1212 1182 iniquitatem
1228 1094 1371 1160 omnium
1387 1102 1541 1158 nostrum.

314 1213 380 1372 Q·
430 1185 512 1252 Lect.
537 1205 557 1251 r.
653 1187 728 1272 Cop.
755 1186 808 1250 53.
892 1233 896 1242 .
951 1185 1087 1252 Oblatus
1110 1197 1159 1254 est
1181 1188 1257 1276 quia
1280 1187 1349 1274 ipse
1377 1185 1486 1264 voluit,
1508 1197 1543 1251 et

341 1127 344 1139 ‚
429 1057 477 1162 De
492 1027 592 1159 ,Isaia'
619 1035 784 1158 Propheta.
806 1125 808 1132 .

374 1277 424 1352 nis
448 1269 726 1346 crediditssauditui
760 1275 915 1344 nostro?⁴
948 1299 1012 1344 non
1037 1281 1161 1369 aperuit
1176 1300 1213 1345 os
1229 1301 1334 1345 suum.
1349 1278 1449 1344 Sicut
1473 1278 1542 1344 ovis

314 1382 346 1440 et
368 1370 533 1439 brachium
557 1371 692 1449 Domini,
705 1372 757 1438 cni
782 1371 903 1438 revela·
951 1371 992 1438 ad
1016 1372 1378 1451 occisionemduoetur‚
1397 1381 1429 1438 et
1451 1371 1543 1459 quasi
1662 1368 1664 1407 ³

315 1477 382 1532 tum
408 1463 488 1533 est‘l
507 1475 538 1533 et
561 1463 711 1542 ascendet
734 1459 903 1531 siont'vir·
952 1486 1055 1552 agnus
1078 1485 1186 1533 coram
1212 1465 1362 1533 tondente
1378 1485 1413 1532 se
1429 1463 1544 1530 obmu-

315 1557 440 1647 gultum
465 1578 571 1624 coram
597 1578 647 1636 eo,
665 1559 794 1642 etsicut
818 1555 907 1622 radix
954 1569 1062 1636 tescet,
1078 1568 1117 1625 et
1142 1580 1206 1625 nnn
1231 1560 1350 1650 aperiet
1373 1577 1410 1623 os
1436 1567 1544 1623 suum:
1662 1582 1663 1601 ¹

316 1651 357 1721 de
381 1662 464 1723 terra
484 1651 610 1718 sitienti.
627 1653 696 1718 Non
713 1661 761 1718 est
783 1650 913 1742 species.
952 1649 993 1717 de
1016 1653 1162 1738 angustia
1185 1663 1219 1718 et
1232 1652 1274 1718 de
1285 1651 1411 1739 judicio
1434 1649 1555 1716 subla-2

316 1746 357 1826 ei,
383 1765 487 1834 neque
498 1743 607 1832 decor,
620 1754 651 1811 et
666 1745 804 1814 vidimus
820 1745 905 1822 euin,
954 1754 1006 1810 tus
1029 1754 1086 1811 est:
1111 1746 1345 1830 generationem
1368 1744 1439 1830 ejus
1470 1743 1544 1831 quia

315 1851 347 1905 et
372 1858 435 1904 non
459 1848 527 1906 erat
548 1848 706 1929 aspectus,
733 1849 770 1906 et
781 1835 905 1904 deside·
950 1835 1132 1904 enarrabit?
1156 1837 1233 1924 quia
1255 1833 1415 1903 abscissus
1438 1845 1486 1902 est
1502 1834 1545 1902 de

315 1931 457 1998 ravimus
481 1953 571 2003 ,eumz-
590 1931 785 2022 despectum‚
802 1940 835 1996 et
849 1950 907 1996 no·
940 1939 1038 1997 'terra
1061 1930 1244 1996 viventium:
1284 1937 1414 2018 propter
1436 1927 1543 1994 scelus

315 2024 481 2092 vissimum
508 2024 787 2104 virorum‚=virum
813 2021 910 2091 dolo-.
949 2022 1060 2113 populi
1085 2023 1145 2090 moi
1169 2023 1312 2113 percussi
1331 2043 1414 2089 eum.
1432 2021 1471 2086 Et
1486 2018 1543 2084 da-

316 2138 387 2184 rum
407 2170 414 2198 ,
438 2126 471 2184 et
494 2119 644 2184 scientem
671 2115 903 2197 infirmitatem,
952 2115 998 2182 bit
1020 2116 1134 2206 impios
1158 2138 1217 2206 pro
1241 2114 1418 2206 sepultura,
1442 2124 1476 2180 et
1494 2111 1544 2178 di-

245 2285 248 2292 ,
317 2221 350 2278 et
364 2212 455 2300 quasi
472 2207 676 2276 absconditus
703 2207 812 2275 v'ultus
836 2209 906 2296 ejus
953 2210 1048 2277 vitem
1073 2229 1132 2300 pro
1156 2220 1259 2276 morte
1281 2230 1367 2298 sua,
1390 2227 1431 2276 eo
1447 2206 1560 2297 quod!

316 2313 349 2368 et
372 2302 551 2394 despectus
576 2301 662 2370 uude
687 2323 746 2370 nee
777 2313 905 2392 reputa-
952 2303 1149 2393 iniquitatem
1188 2323 1253 2370 non
1278 2302 1407 2382 lecerit,
1438 2321 1545 2390 nequa

316 2397 421 2463 vimus
445 2418 529 2464 eum.
554 2396 633 2464 Vere
657 2394 826 2483 languores
849 2415 907 2462 no·
953 2395 1048 2463 dolus
1072 2396 1221 2462 fueritin
1246 2415 1302 2462 ore
1325 2396 1404 2482 ejus.
1447 2416 1450 2421 ⁴

316 2493 399 2556 stros
424 2489 491 2580 ipse
518 2489 589 2556 tulit
602 2541 616 2572 ,,
641 2500 673 2558 et
697 2489 824 2558 dolores
849 2508 907 2554 no·
1000 2494 1032 2565 d.
1057 2487 1140 2566 Quid
1167 2497 1242 2554 sunt
1266 2487 1378 2576 plagae
1401 2489 1481 2552 istae
1512 2487 1545 2552 in

316 2591 399 2668 stros
424 2583 491 2674 ipse
514 2583 660 2674 portavit,
680 2593 712 2650 et
727 2603 785 2650 nos
814 2592 907 2673 puta·
953 2580 1059 2648 medio
1084 2601 1212 2646 manum
1232 2577 1388 2645 tuarum?
1405 2577 1427 2619 *
1442 2579 1481 2645 nt
1496 2578 1545 2644 di-

317 2677 424 2752 vimus
447 2699 529 2746 eum-
557 2679 649 2765 quasi
685 2676 849 2767 leprosum
875 2685 907 2741 et
955 2685 1013 2742 cet:
1039 2673 1087 2740 his
1110 2675 1257 2763 plagatus
1282 2695 1354 2739 sum
1381 2671 1412 2737 in
1447 2670 1545 2740 domo

317 2791 507 2860 percussum
525 2792 544 2836 a
560 2772 636 2851 Dee,
655 2781 686 2837 et
697 2769 906 2836 humiliatum.
955 2787 1078 2845 eorum,
1104 2769 1162 2858 qui
1186 2764 1358 2856 diligebant
1380 2787 1441 2832 mc.

316 2861 391 2953 lpse
414 2874 518 2930 antem
543 2863 728 2941 vulneratus
756 2873 804 2930 est
833 2881 908 2952 pro·
978 2859 1031 2928 d.
1056 2863 1188 2930 mamea
1204 2863 1549 2951 suscitaresuperpa-

318 2966 390 3046 pter
414 2955 592 3042 iniquitates
617 2964 761 3033 nostras,
786 2957 911 3023 attritus
958 2967 1076 3022 storem
1101 2960 1289 3035 meum,·et
1311 2975 1410 3045 super
1443 2953 1548 3020 virum

319 3056 369 3114 est
393 3059 521 3138 propter
544 3044 793 3122 sceleranostra:
817 3047 913 3114 disci·
958 3047 1181 3118 cohaerentem
1205 3047 1289 3114 mihi.
1312 3049 1351 3113 Et
1374 3045 1486 3114 dicer:

318 3139 405 3230 plina
428 3138 515 3230 pacis
539 3148 665 3205 nostrae
688 3159 786 3229 super
820 3157 908 3220 eum,
1174 3143 1256 3208 Lect.
1280 3161 1325 3205 nr.

318 3242 351 3300 et
374 3233 474 3300 livore
495 3231 567 3320 ejus
591 3233 693 3298 sanati
716 3250 838 3297 sumus.
956 3184 1026 3299 Et
1049 3233 1204 3299 Dominus
1244 3233 1349 3299 voluit
1383 3238 1550 3298 conterere

281 3409 283 3414 Ι
338 3367 340 3374 ›
365 3335 397 3411 13.
421 3327 504 3392 Ecce
529 3323 666 3392 vidimus
683 3347 757 3394 eum
773 3343 836 3389 non
855 3323 911 3391 ha·
957 3345 1032 3392 eum
1048 3327 1081 3391 in
1094 3323 1281 3394 infirmitate:
1293 3325 1318 3392 si
1331 3323 1474 3416 posuerit
1490 3345 1551 3414 pro

317 3415 444 3488 bentem
463 3420 614 3510 speciem,
627 3439 732 3510 neque
749 3417 910 3498 decorem;
957 3429 1091 3507 peccato
1114 3421 1253 3485 animam
1278 3441 1396 3498 suam,
1430 3415 1550 3485 videbit

318 3523 467 3605 aspectus
492 3514 561 3601 ejus
584 3514 618 3577 in
642 3534 682 3580 ce
706 3522 842 3578 nonest:
861 3511 912 3579 hic
960 3533 1068 3580 semen
1092 3512 1309 3601 longaevum,
1335 3523 1367 3582 et
1401 3511 1550 3578 voluntas

318 3617 451 3697 peccata
475 3616 581 3672 nostra
605 3605 766 3694 portavit,
793 3616 825 3671 et
850 3626 909 3694 pro
958 3605 1083 3672 Domini
1110 3605 1139 3669 in
1164 3628 1261 3671 manu
1286 3607 1356 3694 ejus
1388 3603 1549 3694 dirigetur.

319 3700 414 3768 nobis
438 3698 534 3780 dolet;
550 3701 738 3789 ipseautem
763 3697 912 3765 vulnera·
959 3699 1021 3766 Pro
1044 3719 1094 3776 eo,
1123 3698 1211 3787 quod
1251 3698 1408 3767 laboravit
1446 3699 1550 3764 anima

320 3805 373 3864 tus
397 3803 446 3862 est
469 3804 599 3884 propter
639 3791 818 3880 iniquitates
853 3811 928 3857 n0-·
959 3793 1039 3881 ejus,
1063 3791 1193 3871 videbit,
1216 3801 1258 3858 et·
1271 3790 1477 3859 saturabitur:
1517 3790 1547 3854 in

322 3885 463 3970 strass*
488 3887 586 3976 cujus
610 3884 710 3953 livore
733 3884 832 3951 sanati
857 3906 914 3953 su·
960 3888 1091 3953 scientia
1113 3907 1172 3951 sua
1190 3884 1468 3974 justificabitipse
1496 3883 1551 3968 ju·

323 4003 405 4050 mus.
924 4001 928 4009 ·
961 3989 1031 4045 stus
1054 4000 1167 4045 servus
1192 4001 1283 4047 meus
1298 3979 1425 4057 multos,
1445 3985 1478 4042 et
1491 3974 1551 4040 ini-

369 4072 399 4137 ἡ.
427 4074 507 4143 Vere
522 4072 692 4163 languores
709 4081 835 4139 nostros
851 4071 919 4163 ipse
966 4072 1104 4161 quitates
1142 4093 1253 4140 eorum
1294 4077 1362 4164 ipse
1382 4065 1551 4160 ‘portabit

324 4165 406 4246 tulit,
421 4176 453 4234 et
469 4165 597 4237 dolores
613 4176 740 4235 nostros
756 4166 823 4256 ipse
840 4185 916 4256 por·
962 4163 1041 4232 ldeo
1065 4163 1249 4256 dispertiam
1272 4165 1300 4233 ei
1331 4163 1494 4254 plurimos:
1520 4174 1555 4231 et

327 4258 411 4327 tavit.
436 4259 542 4346 Cujus.
848 4309 850 4316 .
928 4299 932 4312 ι
963 4257 1092 4327 sortium
1117 4257 1238 4328 dividet
1257 4257 1380 4349 spolia,
1414 4275 1476 4345 pm
1500 4276 1552 4336 eo;
