3584 5034
284 529 371 636 ¹aa
450 597 453 604 -
556 591 559 602 ·
748 559 874 628 mern
900 557 1117 628 rnenumu

326 682 358 741 et
380 667 544 738 brachium
575 669 700 738 Domini
731 669 784 756 cui
823 691 915 738 reve-
959 665 1065 735 medio
1088 686 1243 734 manuum
1266 675 1392 734 tuarum
1420 663 1545 733 ?*Et

324 765 426 832 latum
457 762 536 831 est?
577 764 616 832 Et
649 761 800 840 ascendet
833 763 916 831 sicut
965 760 1058 841 dicet;
1082 758 1291 851 his'plagatus
1312 781 1385 828 sum
1400 753 1547 827 iu'domo

202 857 205 864 ’
326 856 500 945 virgultum
527 869 635 927 coram
675 877 725 936 eo,
765 866 797 925 et
835 857 919 926 siout
963 874 1087 934 eorum,
1110 854 1166 944 qui
1190 852 1362 942 diligebant
1382 873 1443 920 mc.

208 1013 210 1018 .
327 949 417 1019 radix
441 949 482 1018 de
499 959 597 1022 ‘terra'
621 949 744 1030 sitienti:
775 970 840 1016 non
864 959 913 1018 est
1004 947 1033 1013 tl.
1049 948 1181 1013 Fremea
1205 946 1358 1014 suscitare
1381 967 1478 1036 super
1501 944 1549 1013 vi·

326 1043 449 1136 species
472 1043 515 1124 ei‚·
535 1065 641 1134 neque
664 1043 770 1110 decor:
794 1052 827 1110 ct
865 1043 913 1109 vi·
960 1041 1031 1107 rum
1057 1037 1277 1123 cohaerentem
1301 1039 1386 1107 mihi.
1402 1041 1442 1106 Et
1464 1037 1548 1108 dicit.

208 1151 210 1158 '
327 1135 435 1205 dimus
444 1157 530 1217 eum,
547 1145 578 1208 et
593 1157 658 1204 non
673 1147 741 1205 erat
751 1145 911 1225 aspectus,
1051 1134 1098 1201 De
1121 1132 1268 1200 Zacharia
1297 1131 1455 1225 Propheta

327 1240 359 1298 et
386 1227 646 1298 desideravimus·
680 1251 764 1297 eum:
794 1230 915 1319 Despe·
1202 1225 1285 1294 leet.
1307 1247 1354 1293 ιιι.

328 1333 426 1404 ctum,
450 1333 482 1392 et
515 1319 723 1396 novissimum
764 1321 915 1403 virorum,
962 1272 1031 1386 Et
1047 1319 1105 1388 erit
1121 1320 1152 1385 in
1164 1317 1215 1388 die
1228 1319 1288 1386 illa:
1301 1328 1457 1410 'quaeram
1473 1337 1551 1385 con-

328 1415 434 1484 virum
484 1414 642 1508 dolorum,
689 1424 720 1483 et
766 1416 917 1482 scientem
964 1423 1068 1482 terere
1119 1434 1230 1481 omnes
1285 1414 1416 1502 gentes,
1443 1412 1552 1501 ¹quae

330 1507 596 1590 infirmitatem,et
606 1508 697 1598 quasi
711 1506 919 1576 absconditus
965 1509 1097 1575 veniunt
1134 1509 1245 1573 contra
1267 1501 1471 1575 ierusalem.
1512 1505 1552 1570 llt

329 1602 438 1692 tultus
461 1603 585 1690 ejusot
608 1601 788 1692 despectus,
828 1600 915 1670 unde
961 1599 1123 1668 effundam
1147 1621 1245 1690 seper
1267 1598 1399 1666 domum
1436 1595 1550 1678 David,

303 1779 306 1788 1
330 1715 390 1763 nec
413 1694 629 1784 reputavimus
652 1717 755 1762 eum..
833 1711 835 1720 “
965 1705 998 1760 et
1019 1713 1117 1781 super
1140 1690 1332 1759 habitatores
1362 1691 1550 1771 Jerusalem,

377 1787 410 1862 tl.
440 1785 720 1856 florentinus
740 1809 816 1856 eum
837 1808 919 1868 'non
965 1785 1110 1875 spiritum
1132 1783 1260 1872 gratiae,
1284 1794 1316 1851 et
1344 1803 1487 1873 precum:
1517 1795 1550 1851 et

331 1877 500 1958 habentem
524 1882 674 1972 speciem,
698 1902 803 1972 neque
818 1880 915 1949 deco·
968 1878 1113 1969 aspirent
1133 1874 1174 1942 ad
1198 1897 1259 1958 me,
1276 1898 1388 1966 ‘quem
1412 1873 1554 1943 confixe-

332 1994 412 2052 rem‚
446 1986 594 2066 aspectus
617 1977 685 2064 ejus
715 1976 747 2042 in
777 1995 815 2066 eo
854 1993 920 2040 non
970 1980 1055 2051 runt,
1079 1981 1115 2037 et
1140 1969 1290 2060 plangent
1329 1967 1555 2060 eumplauetu
1662 1966 1663 1985 ³

332 2077 390 2148 est;
415 2065 466 2134 hic
489 2077 619 2158 peccata
643 2075 750 2135 nostra
782 2066 919 2157 portavit
965 2064 1057 2154 quasi
1080 2084 1178 2154 super
1201 2063 1411 2158 unigenitum,
1434 2071 1467 2129 et
1496 2059 1555 2128 do-

332 2169 365 2227 et
386 2179 445 2251 pro
468 2159 680 2238 nobis,dolet;
704 2159 778 2248 Ipse
811 2165 918 2226 autern
962 2157 1074 2225 lebuut
1096 2169 1195 2247 super
1218 2179 1304 2246 eum,
1326 2167 1362 2224 ut
1387 2154 1488 2223 doleri
1503 2175 1557 2224 so·

241 2334 245 2346 ¹
332 2252 517 2326 vulneratus
532 2267 581 2324 est
595 2261 724 2343 propter
739 2251 920 2340 iniquitates
966 2250 1011 2318 let
1033 2250 1066 2317 in
1091 2260 1192 2318 morte
1214 2250 1426 2342 primogeniti.
1450 2250 1489 2316 ln
1506 2248 1558 2316 die

333 2352 466 2412 nostras:
490 2343 512 2388 ’Κ
540 2345 639 2434 Cujus
656 2357 658 2364 '
678 2343 779 2412 livore
818 2344 919 2412 sanati
967 2343 1021 2411 illa
1059 2365 1194 2432 maguus
1233 2345 1293 2412 erit
1329 2345 1476 2434 planctus
1526 2341 1558 2408 in

335 2455 463 2504 eumue*
970 2437 1156 2506 temsatem.
1180 2434 1219 2502 m
1241 2435 1366 2504 dicetur
1396 2436 1435 2502 ei:
1472 2432 1559 2516 Quid

377 2531 410 2600 tl.
426 2529 507 2604 tert
521 2529 691 2623 languores
708 2538 834 2599 nostros
856 2530 926 2623 ips'e
971 2541 1047 2597 sunt
1070 2529 1182 2620 plagae
1205 2529 1283 2597 istae
1308 2530 1340 2596 in
1363 2527 1469 2597 medio
1493 2547 1561 2593 ma·

336 2619 419 2707 tulit,
436 2623 610 2697 etdolores
626 2633 751 2694 nostros
768 2625 836 2716 ipse
850 2645 926 2717 por·
971 2646 1049 2690 num
1074 2635 1201 2690 tuarum
1216 2622 1250 2688 ¹?
1285 2623 1328 2690 -Et
1358 2621 1461 2704 dicet3
1503 2621 1560 2686 His

335 2717 420 2796 tavit
443 2719 569 2809 Cujus:
616 2796 618 2801 ,
968 2717 1115 2808 plagatus
1137 2737 1211 2783 sum
1235 2716 1267 2782 in
1298 2714 1396 2786 domo
1435 2735 1561 2794 eorum,

583 2809 688 2882 Lectio
711 2831 744 2880 ιι.
970 2811 1026 2900 qui
1090 2807 1263 2898 diligebant
1311 2832 1372 2878 me.
1429 2811 1563 2876 Framea

335 2851 452 2972 Vere
483 2904 655 2992 languores
695 2915 821 2972 nostms
862 2905 931 2997 ipse
977 2902 1133 2976 suscitare
1156 2924 1253 2994 super
1267 2916 1428 2994 pastorem
1444 2923 1562 2979 meum,

281 3077 283 3082 ¹
335 2994 418 3077 tulit,
453 3005 485 3064 et
524 2996 652 3066 dolores
690 3008 816 3065 nostros
856 2999 926 3090 ipse
972 3007 1004 3067 et
1042 3018 1141 3086 super
1180 2999 1282 3064 virum
1340 2996 1562 3066 cohaerentem

334 3085 480 3183 portavit:
503 3099 535 3157 et
558 3108 617 3156 nos
640 3089 823 3180 putavimus
845 3114 922 3160 eum
970 3087 1057 3169 mihi,
1081 3089 1157 3156 dicit
1180 3087 1335 3158 Dominus
1350 3091 1562 3157 exercituum:

337 3183 430 3275 quasi
469 3182 647 3275 leprosum
667 3192 699 3251 et
730 3189 922 3272 percussum
972 3192 1104 3272 percute
1119 3191 1290 3272 pastorem,
1301 3180 1565 3271 etdispergentor

336 3297 359 3348 a
396 3278 475 3360 Deo,
513 3285 546 3346 et
589 3275 797 3344 humiliatum.
853 3275 927 3366 lpse
973 3294 1061 3342 oves:
1085 3284 1117 3342 et
1140 3282 1325 3356 convertam
1349 3294 1480 3340 manum
1496 3293 1565 3340 me-

336 3379 444 3438 autem
475 3369 672 3439 uulneratus
710 3378 758 3438 est
796 3380 926 3460 propter
971 3366 1088 3436 amad
1112 3366 1273 3458 parrulos.
1662 3412 1663 3439 ι

337 3462 517 3555 iniquitates
555 3475 689 3543 nostrae,
722 3462 846 3550 attritus
876 3473 964 3554 est⁴
1018 3469 1051 3545 rt.
1067 3462 1167 3528 Tuam
1183 3459 1340 3528 Coronam
1353 3459 1496 3550 spineam
1509 3481 1565 3530 ve·
1662 3456 1663 3519 i

337 3566 469 3649 propter
491 3555 611 3624 scelere
627 3566 744 3636 nostra;
761 3554 928 3647 disciplina
974 3575 1124 3622 ueremur
1135 3553 1279 3635 Domine,
1291 3567 1378 3621 tuam
1392 3553 1563 3642 gloriosam

337 3652 564 3743 pacisucstrae
579 3670 772 3739 supereum,
785 3658 817 3717 et
828 3650 929 3718 livore
975 3647 1157 3724 recolimur
1173 3648 1363 3737 passionem:
1379 3645 1401 3690 *
1418 3648 1565 3716 Miserere

339 3745 411 3835 ojus
434 3743 533 3810 sanati
558 3763 681 3810 sumus.
713 3742 832 3811 Omnes
870 3765 930 3811 nos
977 3741 1079 3820 uobis,
1103 3741 1158 3830 qui
1183 3763 1297 3830 passus
1320 3763 1356 3809 es
1379 3762 1439 3831 pro
1463 3739 1561 3808 uobis.

341 3839 433 3929 quasi
458 3857 536 3908 oves
552 3836 739 3918 erravimus,
757 3835 932 3927 unusquis·
1023 3838 1052 3904 i.
1068 3834 1160 3902 Salva
1184 3845 1382 3925 praesentem
1406 3844 1564 3902 catervam

342 3953 408 4024 que
442 3931 475 4000 iu
504 3932 587 4000 viam
618 3950 710 3997 suam
750 3927 931 4011 declinavit·
977 3927 1089 3996 intois
1111 3925 1207 3996 hodie
1247 3926 1399 4001 laudibus
1430 3944 1562 4012 congro·

342 4033 375 4093 et
397 4025 505 4116 posuit
528 4023 683 4092 Dominus
700 4021 733 4092 in
754 4042 793 4092 eo
816 4023 931 4115 iniqui·
978 4031 1092 4110 getam.
1129 4021 1276 4091 bliserare
1317 4021 1417 4090 nobis.
1440 4016 1564 4086 Gloria

344 4127 439 4188 tatem
463 4119 606 4190 omnium
629 4129 783 4188 nostrum.
977 4116 1067 4186 Patri.
1094 4113 1241 4184 lliserere
1263 4114 1364 4184 nobis.

391 4219 425 4296 rt.
447 4212 532 4292 Quid
554 4222 630 4282 suut
652 4211 764 4304 plagae
788 4211 865 4283 ista'e
895 4212 928 4281 in
1091 4208 1133 4276 ΙΝ
1159 4203 1445 4292 11.1thttJttrt0.
