3584 5034
723 690 851 759 ιιιτι
875 684 970 758 unu
1041 671 1046 679 '
1425 690 1465 754 οι

228 794 362 885 meliors
376 794 476 894 quarn
487 806 562 911 ipse
577 800 707 869 divinus
734 822 826 871 amor
919 804 951 869 ι
975 802 1118 871 Τιιιιιιιιιι
1138 800 1180 869 ad
1204 822 1258 869 me
1278 784 1468 890 omnesqui

230 920 297 989 quo
321 897 385 966 Cor
409 896 494 985 virg
465 898 547 964 ornis
562 894 680 964 ardens
710 905 779 965 erat
809 894 827 967 ι
873 896 1102 987 concupiscitis
1125 917 1189 976 me,
1211 903 1279 963 eta
1294 895 1472 982 ςοοοιιιιο-

276 998 309 1071 ιι.
335 991 403 1099 ligo
427 989 595 1081 diligentes
624 1009 677 1056 me
715 988 825 1078 diligo,
873 987 970 1056 nibus
997 990 1089 1057 meis
1116 986 1301 1081 implemini.
1342 987 1379 1054 ln
1418 1008 1472 1055 tuo

230 1092 263 1152 et
292 1086 352 1173 qui
386 1105 479 1151 mane
518 1083 649 1173 vigilant
684 1080 725 1149 ad
768 1106 829 1163 rne,
877 1103 984 1149 omnis
999 1102 1083 1175 spes

231 1178 397 1244 invenient
420 1200 479 1245 me.
507 1178 631 1245 hlecum
661 1175 834 1243 suntdivi·
901 1202 906 1211 ·
1119 1178 1202 1243 Lect
1223 1194 1268 1241 ιι

232 1272 299 1337 tiae
322 1281 354 1337 et
377 1269 486 1377 gloria:
511 1268 534 1313 ι
566 1270 654 1361 Opes
677 1269 835 1361 superbae
942 1291 1004 1337 uae
1028 1266 1125 1337 rerba
1148 1267 1356 1336 considerans
1380 1287 1471 1334 mens

123 1428 124 1449 ,
230 1374 264 1431 et
281 1364 415 1452 justitia.
875 1360 1001 1443 devota,
1025 1383 1100 1429 cum
1126 1363 1195 1453 ipso
1220 1362 1377 1468 Propheta
1415 1362 1470 1425 ait

278 1463 308 1530 ι
333 1457 375 1525 ιιι
405 1454 503 1524 ditem
539 1454 693 1544 dilgentes
725 1465 832 1524 meet
876 1458 981 1538 Quam
996 1451 1104 1523 dulcia
1120 1454 1370 1533 laucihusmeis‚
1388 1453 1473 1521 idest

123 1602 124 1630 ,
228 1548 398 1617 thesauros
421 1569 535 1619 eorum
559 1550 708 1641 repleam.
724 1549 823 1641 Opes.
872 1547 1469 1637 omnihusaffectinnihuseloquiatua!

875 1644 976 1710 Porro
999 1641 1141 1710 dulcedo
1179 1641 1260 1708 haec
1299 1663 1397 1732 quam
1439 1641 1472 1708 in

462 1737 548 1805 Leet
577 1759 608 1805 v.
658 1756 660 1759 ·
874 1735 982 1804 verbis
1023 1738 1154 1803 Beatae'
1178 1735 1315 1823 Virginis
1354 1734 1473 1803 devota

876 1851 967 1897 mens
991 1830 1097 1910 sentit,
1120 1839 1171 1897 est
1192 1828 1290 1897 ardor
1311 1828 1384 1919 piae
1412 1828 1471 1898 de·

123 1920 124 1923 ’
230 1874 310 1991 De
320 1921 403 1989 hoc
395 1922 489 2011 rgrtur
500 1922 605 1991 Corde
616 1945 710 2015 quasr
701 1923 830 1991 'loma-
876 1924 1015 1991 votionis
1038 1944 1136 2011 quam
1162 1923 1193 1988 in
1217 1922 1263 1989 eis
1286 1923 1394 1988 anima
1414 1943 1471 1990 ex-

225 2034 266 2084 ce
269 2004 383 2083 divini
399 2016 523 2084 ardoris
534 2018 630 2106 Virgo
645 2019 740 2085 Beata
750 2037 827 2108 pro-
873 2016 1122 2125 perimentaliter
1146 2014 1272 2107 prohat
1287 2016 1470 2105 distingua-

123 2156 124 2163 ι
225 2109 301 2175 ιιιιιι
330 2108 431 2176 verba
470 2108 567 2190 hona,
607 2110 688 2179 idest
725 2110 828 2178 rerba
875 2131 949 2177 inus
971 2109 1069 2195 igitur
1083 2130 1142 2199 per
1159 2107 1305 2176 ordinem
1329 2107 1388 2175 has
1418 2130 1471 2177 se·
1539 2118 1543 2134 ¹

226 2200 470 2269 ardentissimae
511 2202 678 2271 charitatis.
734 2205 824 2271 Sicut
870 2213 957 2293 ptem
980 2200 1124 2268 flammas
1147 2204 1277 2282 amoris,
1296 2199 1471 2269 verborum

123 2330 124 2339 ι
225 2296 314 2362 enim
337 2314 357 2359 a
382 2314 458 2362 vase
481 2297 602 2403 optimo
626 2298 700 2365 vino
715 2297 822 2403 pleno,
874 2296 1010 2385 Virginis
1037 2290 1235 2363 benedictae.
1278 2295 1381 2360 Prima
1420 2306 1470 2363 est

227 2408 295 2455 non
320 2397 426 2479 potest
452 2389 540 2456 exire
570 2389 628 2456 nisi
669 2390 824 2481 optimum
873 2388 1002 2455 ssamma
1016 2408 1135 2455 amous
1146 2388 1331 2479 separantis
1347 2388 1471 2455 Secun-

226 2482 351 2548 vinum:
376 2491 433 2547 aut
455 2483 540 2549 sicut
554 2504 573 2548 a
589 2483 718 2552 lornace
740 2504 828 2551 sum·
876 2481 918 2548 da
941 2482 1060 2549 amoris
1082 2482 1345 2549 transformantis.
1368 2481 1472 2549 Tertia

123 2598 124 2607 ¹
225 2576 271 2639 mi
296 2572 422 2642 ardoris
455 2595 521 2642 non
561 2576 725 2665 egreditur
764 2576 824 2643 nisi
875 2575 994 2641 amoris
1034 2574 1308 2641 communicantis
1349 2574 1472 2653 Quarta

223 2667 413 2735 incendium
440 2668 574 2737 fervens.
599 2672 646 2737 sic
663 2670 704 2738 de
721 2669 825 2737 Corde
873 2668 991 2734 amoris
1010 2663 1188 2779 jubilantis
1215 2667 1336 2743 Quinta
1350 2670 1471 2735 amoris

123 2751 124 2767 ¹
227 2761 337 2827 llatris
361 2760 473 2827 Christi
499 2764 585 2830 exire
616 2782 680 2829 non
720 2766 826 2853 potuit
873 2760 1065 2869 soporantis
1093 2758 1190 2824 Senta
1205 2759 1326 2825 amoris
1340 2778 1473 2849 compa-

224 2850 376 2933 verhum‚
402 2854 460 2919 nisi
485 2858 603 2921 summi
633 2876 825 2945 summeque
871 2854 988 2921 tientis
1013 2852 1155 2943 Septima
1175 2851 1294 2918 amoris
1317 2871 1470 2923 consum·

224 2946 330 3013 divini
354 2947 474 3014 amoris
498 2957 595 3035 atque
611 2946 743 3015 ardoris
766 2950 824 3015 Se-
872 2946 998 3013 mantis.

225 3050 318 3131 ptem
343 3037 441 3107 verba
475 3049 597 3106 tantmn
628 3042 727 3109 mirae
749 3060 824 3109 sen-
916 3041 1086 3118 d.Beatus
1101 3038 1198 3105 homo
1201 3061 1281 3141 qur
1273 3036 1389 3107 audit
1405 3061 1467 3120 me,
1535 3056 1539 3064 “
1670 3025 1671 3032 ¹

227 3132 347 3201 tentiae
370 3143 402 3200 et
425 3133 550 3199 virtutis
573 3155 593 3199 a
618 3133 731 3201 Christi
768 3132 824 3203 be-
872 3142 905 3203 et
929 3156 986 3223 qur
978 3132 1111 3222 vigilat
1125 3130 1166 3198 ad
1183 3092 1269 3201 thos
1284 3154 1467 3240 mensuum

229 3224 451 3293 nedrctrssrma
462 3228 560 3293 hlatre
570 3226 720 3316 leguntur
734 3226 828 3296 dicta.
877 3228 954 3296 tidie
976 3238 1010 3294 et
1031 3226 1182 3293 observat
1203 3226 1245 3292 ad
1269 3236 1380 3317 postes
1394 3228 1467 3295 ostii

226 3319 311 3385 Cum
337 3320 460 3409 Angelo
485 3318 536 3387 his
559 3330 682 3387 ιιιιιιιιιιι
717 3320 827 3389 locuta
874 3323 947 3391 mei.
972 3320 994 3362 *
1018 3320 1080 3402 Qui
1105 3339 1158 3384 me
1180 3320 1344 3400 invenerit,
1376 3322 1465 3389 inve·

223 3422 287 3479 est
310 3411 392 3480 Cum
426 3412 598 3493 Elisabeth
610 3451 613 3459 ·
634 3414 683 3481 his
717 3415 822 3484 etiam.
872 3420 939 3483 niet
962 3417 1084 3492 vitam,
1108 3421 1141 3479 et
1163 3411 1289 3481 hauriet
1326 3413 1463 3482 salutem

224 3504 309 3571 Cum
335 3506 415 3573 Filio
440 3508 534 3575 etiam
559 3508 619 3575 his.
645 3509 725 3576 Cum
766 3512 825 3577 mi-
869 3532 891 3576 a
914 3507 1063 3575 Domino.

222 3596 368 3665 nistris'
359 3624 391 3666 ιιι
430 3600 548 3692 nuptiis
586 3603 694 3671 semel.
735 3602 823 3671 llaec
917 3603 946 3667 ι.
968 3600 1032 3681 Qui
1058 3608 1166 3667 autem
1188 3599 1221 3666 ιιι
1238 3624 1289 3669 me
1312 3622 1468 3691 peecare·

226 3699 354 3780 septem
368 3691 487 3775 verba,
504 3696 684 3763 secundum
701 3707 823 3788 septem
871 3696 922 3774 ιιι,
945 3691 1056 3761 laedet
1075 3694 1213 3760 animam
1227 3716 1330 3763 snam:
1346 3696 1468 3761 Omna

223 3782 347 3851 amoris
369 3796 470 3867 actus,
504 3788 567 3855 suh
597 3792 679 3857 miro
702 3788 821 3896 'gradu
869 3789 928 3877 qui
941 3810 995 3855 me
1010 3785 1162 3869 oderunt,
1171 3787 1465 3877 diliguntmortem.

225 3887 263 3945 et
296 3876 410 3945 ordine
455 3882 579 3969 prolata
617 3866 709 3973 quasi
750 3892 825 3949 sunt
872 3883 936 3964 Oui
960 3903 1021 3948 me

226 3981 352 4061 septem
376 3970 523 4053 flammae
545 3974 657 4041 Cordis
681 3976 762 4062 ejus.
919 3974 1027 4042 Gloria
1050 3975 1142 4040 Patri.
1161 3976 1223 4055 Qui
1241 3997 1301 4041 me.
1402 4008 1406 4016 ¹

277 4071 309 4147 ιι.
333 4065 404 4155 llgo
422 4046 525 4153 llatcr
554 4067 708 4157 pulchrae
748 4069 826 4137 dilc-
979 4067 1035 4133 ιΝ
1053 4068 1110 4132 ιιι.
1127 4067 1350 4136 doctuulto

226 4160 353 4241 ctionis,
378 4169 410 4227 et
435 4158 567 4239 timoris,
593 4171 625 4228 et
653 4164 825 4251 agnitionis
920 4160 1045 4250 Autiplr.
1068 4158 1164 4228 Unde
1211 4159 1294 4228 hoc
1309 4159 1398 4243 mihi,
1432 4175 1468 4231 ut

225 4259 263 4318 et
287 4262 416 4321 sanctae
442 4254 518 4342 spei
558 4211 597 4319 ln
637 4277 690 4323 me
724 4258 823 4347 gratia
868 4258 975 4324 veniat
990 4253 1226 4321 hlaterllomini
1242 4275 1305 4322 mer
1295 4253 1362 4323 ad
1379 4214 1464 4325 rhei

224 4345 824 4421 omnisviaeetveritatis.*lnmcom-
918 4348 1044 4456 aotrph
1058 4346 1315 4415 Misericordia
1287 4370 1466 4441 ejusapro-

225 4435 280 4503 nis
301 4459 376 4531 spes
401 4442 484 4511 vitae
506 4452 539 4511 et
562 4442 694 4513 virtutis.
859 4443 992 4533 genicin
1008 4442 1178 4535 progenies
1191 4443 1465 4515 timentibusourn
