<?xml version="1.0" encoding="UTF-8"?>
<!DOCTYPE html PUBLIC "-//W3C//DTD XHTML 1.0 Transitional//EN"
    "http://www.w3.org/TR/xhtml1/DTD/xhtml1-transitional.dtd">
<html xmlns="http://www.w3.org/1999/xhtml" xml:lang="en" lang="en">
 <head>
  <title>
</title>
<meta http-equiv="Content-Type" content="text/html;charset=utf-8" />
  <meta name='ocr-system' content='tesseract 3.04.00' />
  <meta name='ocr-capabilities' content='ocr_page ocr_carea ocr_par ocr_line ocrx_word'/>
</head>
<body>
  <div class='ocr_page' id='page_1' title='image "./officiasanctoru00churgoog/officiasanctoru00churgoog_0140.png"; bbox 0 0 3584 5034; ppageno 0'>
   <div class='ocr_carea' id='block_1_1' title="bbox 318 628 1051 704">
    <p class='ocr_par' dir='ltr' id='par_1_1' title="bbox 318 628 1051 704">
     <span class='ocr_line' id='line_1_1' title="bbox 318 628 1051 704; baseline 0.004 -8"><span class='ocrx_word' id='word_1_1' title='bbox 318 630 383 697; x_wconf 66' lang='lat' dir='ltr'>lib</span> <span class='ocrx_word' id='word_1_2' title='bbox 588 687 591 691; x_wconf 96' lang='lat'>.</span> <span class='ocrx_word' id='word_1_3' title='bbox 792 628 921 700; x_wconf 77' lang='lat' dir='ltr'>FESTA</span> <span class='ocrx_word' id='word_1_4' title='bbox 943 632 1051 704; x_wconf 85' lang='lat' dir='ltr'>lUNlI</span> 
     </span>
    </p>
   </div>
   <div class='ocr_carea' id='block_1_2' title="bbox 237 735 1664 4100">
    <p class='ocr_par' dir='ltr' id='par_1_2' title="bbox 237 735 1664 4100">
     <span class='ocr_line' id='line_1_2' title="bbox 465 735 1537 835; baseline 0.006 -25"><span class='ocrx_word' id='word_1_5' title='bbox 465 744 546 811; x_wconf 75' lang='lat' dir='ltr'>beet.</span> <span class='ocrx_word' id='word_1_6' title='bbox 564 764 584 810; x_wconf 88' lang='lat'>1.</span> <span class='ocrx_word' id='word_1_7' title='bbox 681 745 757 833; x_wconf 84' lang='lat' dir='ltr'>Cup.</span> <span class='ocrx_word' id='word_1_8' title='bbox 778 744 830 811; x_wconf 88' lang='lat' dir='ltr'>l7.</span> <span class='ocrx_word' id='word_1_9' title='bbox 947 745 1101 833; x_wconf 85' lang='lat' dir='ltr'>colligens</span> <span class='ocrx_word' id='word_1_10' title='bbox 1124 744 1221 835; x_wconf 80' lang='lat' dir='ltr'>ligna,</span> <span class='ocrx_word' id='word_1_11' title='bbox 1252 754 1285 814; x_wconf 91' lang='lat' dir='ltr'>et</span> <span class='ocrx_word' id='word_1_12' title='bbox 1307 735 1434 814; x_wconf 84' lang='lat' dir='ltr'>vocavit</span> <span class='ocrx_word' id='word_1_13' title='bbox 1455 765 1537 830; x_wconf 88' lang='lat' dir='ltr'>eam,</span> 
     </span>
     <span class='ocr_line' id='line_1_3' title="bbox 314 792 1536 929; baseline 0.007 -28"><span class='ocrx_word' id='word_1_14' title='bbox 314 792 545 917; x_wconf 66' lang='lat' dir='ltr'>Distentas</span> <span class='ocrx_word' id='word_1_15' title='bbox 570 832 732 905; x_wconf 82' lang='lat' dir='ltr'>Thesbitcs</span> <span class='ocrx_word' id='word_1_16' title='bbox 757 835 798 905; x_wconf 91' lang='lat' dir='ltr'>de</span> <span class='ocrx_word' id='word_1_17' title='bbox 814 836 903 905; x_wconf 93' lang='lat' dir='ltr'>hahi-</span> <span class='ocrx_word' id='word_1_18' title='bbox 951 837 1095 928; x_wconf 81' lang='lat' dir='ltr'>dixitque</span> <span class='ocrx_word' id='word_1_19' title='bbox 1119 841 1159 907; x_wconf 91' lang='lat' dir='ltr'>ei:</span> <span class='ocrx_word' id='word_1_20' title='bbox 1183 838 1225 905; x_wconf 86' lang='lat' dir='ltr'>da</span> <span class='ocrx_word' id='word_1_21' title='bbox 1260 838 1337 906; x_wconf 93' lang='lat' dir='ltr'>mihi</span> <span class='ocrx_word' id='word_1_22' title='bbox 1368 840 1536 929; x_wconf 90' lang='lat' dir='ltr'>paululum</span> 
     </span>
     <span class='ocr_line' id='line_1_4' title="bbox 314 926 1536 1024; baseline 0.001 -22"><span class='ocrx_word' id='word_1_23' title='bbox 314 926 468 1001; x_wconf 83' lang='lat' dir='ltr'>tatoribus</span> <span class='ocrx_word' id='word_1_24' title='bbox 491 928 609 996; x_wconf 89' lang='lat' dir='ltr'>Galaad</span> <span class='ocrx_word' id='word_1_25' title='bbox 626 928 666 996; x_wconf 91' lang='lat' dir='ltr'>ad</span> <span class='ocrx_word' id='word_1_26' title='bbox 683 929 802 997; x_wconf 82' lang='lat' dir='ltr'>Achab:</span> <span class='ocrx_word' id='word_1_27' title='bbox 818 931 903 998; x_wconf 81' lang='lat' dir='ltr'>Vivit</span> <span class='ocrx_word' id='word_1_28' title='bbox 947 926 1186 1021; x_wconf 78' lang='lat' dir='ltr'>aquaeinrase,</span> <span class='ocrx_word' id='word_1_29' title='bbox 1203 943 1239 999; x_wconf 93' lang='lat' dir='ltr'>ut</span> <span class='ocrx_word' id='word_1_30' title='bbox 1254 931 1372 1001; x_wconf 87' lang='lat' dir='ltr'>bibam.</span> <span class='ocrx_word' id='word_1_31' title='bbox 1389 932 1536 1024; x_wconf 86' lang='lat' dir='ltr'>Cumque</span> 
     </span>
     <span class='ocr_line' id='line_1_5' title="bbox 313 1024 1535 1116; baseline 0 -23"><span class='ocrx_word' id='word_1_32' title='bbox 313 1026 470 1093; x_wconf 89' lang='lat' dir='ltr'>Dominus</span> <span class='ocrx_word' id='word_1_33' title='bbox 493 1024 579 1091; x_wconf 90' lang='lat' dir='ltr'>Deus</span> <span class='ocrx_word' id='word_1_34' title='bbox 602 1024 698 1092; x_wconf 87' lang='lat' dir='ltr'>lsrael</span> <span class='ocrx_word' id='word_1_35' title='bbox 740 1025 771 1091; x_wconf 93' lang='lat' dir='ltr'>in</span> <span class='ocrx_word' id='word_1_36' title='bbox 810 1026 904 1115; x_wconf 89' lang='lat' dir='ltr'>cujus</span> <span class='ocrx_word' id='word_1_37' title='bbox 952 1024 1006 1091; x_wconf 92' lang='lat' dir='ltr'>illa</span> <span class='ocrx_word' id='word_1_38' title='bbox 1019 1038 1171 1116; x_wconf 84' lang='lat' dir='ltr'>pergeret,</span> <span class='ocrx_word' id='word_1_39' title='bbox 1189 1036 1224 1092; x_wconf 94' lang='lat' dir='ltr'>ut</span> <span class='ocrx_word' id='word_1_40' title='bbox 1240 1026 1373 1107; x_wconf 68' lang='lat' dir='ltr'>afferret,</span> <span class='ocrx_word' id='word_1_41' title='bbox 1390 1026 1535 1095; x_wconf 87' lang='lat' dir='ltr'>clamavit</span> 
     </span>
     <span class='ocr_line' id='line_1_6' title="bbox 315 1118 1535 1209; baseline -0.001 -21"><span class='ocrx_word' id='word_1_42' title='bbox 315 1126 491 1209; x_wconf 89' lang='lat' dir='ltr'>conspectu</span> <span class='ocrx_word' id='word_1_43' title='bbox 516 1126 578 1197; x_wconf 86' lang='lat' dir='ltr'>stc,</span> <span class='ocrx_word' id='word_1_44' title='bbox 602 1118 628 1183; x_wconf 92' lang='lat' dir='ltr'>si</span> <span class='ocrx_word' id='word_1_45' title='bbox 663 1119 721 1185; x_wconf 86' lang='lat' dir='ltr'>erit</span> <span class='ocrx_word' id='word_1_46' title='bbox 750 1118 839 1184; x_wconf 91' lang='lat' dir='ltr'>annis</span> <span class='ocrx_word' id='word_1_47' title='bbox 855 1118 906 1185; x_wconf 91' lang='lat' dir='ltr'>his</span> <span class='ocrx_word' id='word_1_48' title='bbox 951 1130 1023 1209; x_wconf 93' lang='lat' dir='ltr'>post</span> <span class='ocrx_word' id='word_1_49' title='bbox 1047 1130 1169 1208; x_wconf 83' lang='lat' dir='ltr'>tergum</span> <span class='ocrx_word' id='word_1_50' title='bbox 1195 1122 1274 1209; x_wconf 85' lang='lat' dir='ltr'>ejus,</span> <span class='ocrx_word' id='word_1_51' title='bbox 1299 1120 1420 1188; x_wconf 89' lang='lat' dir='ltr'>dicens.</span> <span class='ocrx_word' id='word_1_52' title='bbox 1451 1119 1535 1187; x_wconf 82' lang='lat' dir='ltr'>Affer</span> 
     </span>
     <span class='ocr_line' id='line_1_7' title="bbox 313 1210 1536 1303; baseline -0.001 -23"><span class='ocrx_word' id='word_1_53' title='bbox 313 1232 378 1294; x_wconf 91' lang='lat' dir='ltr'>ros,</span> <span class='ocrx_word' id='word_1_54' title='bbox 403 1222 434 1281; x_wconf 91' lang='lat' dir='ltr'>et</span> <span class='ocrx_word' id='word_1_55' title='bbox 457 1210 574 1301; x_wconf 88' lang='lat' dir='ltr'>pluvia,</span> <span class='ocrx_word' id='word_1_56' title='bbox 615 1212 673 1278; x_wconf 92' lang='lat' dir='ltr'>nisi</span> <span class='ocrx_word' id='word_1_57' title='bbox 699 1214 790 1300; x_wconf 89' lang='lat' dir='ltr'>juxta</span> <span class='ocrx_word' id='word_1_58' title='bbox 836 1215 902 1279; x_wconf 92' lang='lat' dir='ltr'>oris</span> <span class='ocrx_word' id='word_1_59' title='bbox 950 1212 1036 1293; x_wconf 84' lang='lat' dir='ltr'>mihi,</span> <span class='ocrx_word' id='word_1_60' title='bbox 1063 1212 1207 1293; x_wconf 85' lang='lat' dir='ltr'>obsecro,</span> <span class='ocrx_word' id='word_1_61' title='bbox 1233 1224 1264 1282; x_wconf 93' lang='lat' dir='ltr'>et</span> <span class='ocrx_word' id='word_1_62' title='bbox 1288 1212 1464 1281; x_wconf 78' lang='lat' dir='ltr'><strong>buccellam</strong></span> <span class='ocrx_word' id='word_1_63' title='bbox 1480 1235 1536 1303; x_wconf 92' lang='lat' dir='ltr'>pa·</span> 
     </span>
     <span class='ocr_line' id='line_1_8' title="bbox 315 1303 1536 1398; baseline -0.001 -25"><span class='ocrx_word' id='word_1_64' title='bbox 315 1307 376 1374; x_wconf 88' lang='lat' dir='ltr'>mei</span> <span class='ocrx_word' id='word_1_65' title='bbox 393 1304 499 1373; x_wconf 87' lang='lat' dir='ltr'>verba.</span> <span class='ocrx_word' id='word_1_66' title='bbox 518 1305 556 1371; x_wconf 84' lang='lat' dir='ltr'>Et</span> <span class='ocrx_word' id='word_1_67' title='bbox 571 1303 689 1371; x_wconf 88' lang='lat' dir='ltr'>lactum</span> <span class='ocrx_word' id='word_1_68' title='bbox 705 1315 753 1375; x_wconf 89' lang='lat' dir='ltr'>est</span> <span class='ocrx_word' id='word_1_69' title='bbox 768 1303 904 1373; x_wconf 89' lang='lat' dir='ltr'>verbum</span> <span class='ocrx_word' id='word_1_70' title='bbox 950 1307 1000 1372; x_wconf 92' lang='lat' dir='ltr'>nis</span> <span class='ocrx_word' id='word_1_71' title='bbox 1019 1306 1048 1371; x_wconf 94' lang='lat' dir='ltr'>in</span> <span class='ocrx_word' id='word_1_72' title='bbox 1066 1329 1160 1374; x_wconf 92' lang='lat' dir='ltr'>manu</span> <span class='ocrx_word' id='word_1_73' title='bbox 1178 1319 1241 1375; x_wconf 90' lang='lat' dir='ltr'>tua.</span> <span class='ocrx_word' id='word_1_74' title='bbox 1258 1308 1349 1387; x_wconf 84' lang='lat' dir='ltr'><strong>Quae</strong></span> <span class='ocrx_word' id='word_1_75' title='bbox 1364 1305 1536 1398; x_wconf 79' lang='lat' dir='ltr'>respondit:</span> 
     </span>
     <span class='ocr_line' id='line_1_9' title="bbox 313 1396 1538 1490; baseline 0.001 -25"><span class='ocrx_word' id='word_1_76' title='bbox 313 1399 440 1465; x_wconf 86' lang='lat' dir='ltr'><strong>Domini</strong></span> <span class='ocrx_word' id='word_1_77' title='bbox 462 1396 502 1465; x_wconf 91' lang='lat' dir='ltr'>ad</span> <span class='ocrx_word' id='word_1_78' title='bbox 528 1420 602 1466; x_wconf 92' lang='lat' dir='ltr'>eum</span> <span class='ocrx_word' id='word_1_79' title='bbox 626 1397 743 1466; x_wconf 90' lang='lat' dir='ltr'>dicens:</span> <span class='ocrx_word' id='word_1_80' title='bbox 783 1398 897 1467; x_wconf 93' lang='lat' dir='ltr'>recede</span> <span class='ocrx_word' id='word_1_81' title='bbox 945 1400 1023 1466; x_wconf 89' lang='lat' dir='ltr'>vivit</span> <span class='ocrx_word' id='word_1_82' title='bbox 1048 1402 1199 1470; x_wconf 84' lang='lat' dir='ltr'><strong>Dominus</strong></span> <span class='ocrx_word' id='word_1_83' title='bbox 1223 1402 1309 1468; x_wconf 91' lang='lat' dir='ltr'>Deus</span> <span class='ocrx_word' id='word_1_84' title='bbox 1340 1411 1426 1480; x_wconf 89' lang='lat' dir='ltr'>tuus,</span> <span class='ocrx_word' id='word_1_85' title='bbox 1462 1400 1538 1490; x_wconf 86' lang='lat' dir='ltr'>quia</span> 
     </span>
     <span class='ocr_line' id='line_1_10' title="bbox 237 1491 1537 1586; baseline 0.001 -27"><span class='ocrx_word' id='word_1_86' title='bbox 237 1536 241 1545; x_wconf 46' lang='grc' dir='ltr'>ι</span> <span class='ocrx_word' id='word_1_87' title='bbox 314 1491 387 1559; x_wconf 89' lang='lat' dir='ltr'>hino</span> <span class='ocrx_word' id='word_1_88' title='bbox 410 1503 442 1559; x_wconf 91' lang='lat' dir='ltr'>et</span> <span class='ocrx_word' id='word_1_89' title='bbox 464 1492 546 1561; x_wconf 88' lang='lat' dir='ltr'>vade</span> <span class='ocrx_word' id='word_1_90' title='bbox 575 1500 685 1558; x_wconf 90' lang='lat' dir='ltr'>contra</span> <span class='ocrx_word' id='word_1_91' title='bbox 726 1493 899 1577; x_wconf 80' lang='lat' dir='ltr'><strong>Orientem,</strong></span> <span class='ocrx_word' id='word_1_92' title='bbox 947 1512 1012 1560; x_wconf 90' lang='lat' dir='ltr'>uon</span> <span class='ocrx_word' id='word_1_93' title='bbox 1043 1492 1146 1561; x_wconf 87' lang='lat' dir='ltr'>haheo</span> <span class='ocrx_word' id='word_1_94' title='bbox 1164 1515 1288 1585; x_wconf 86' lang='lat' dir='ltr'>panem,</span> <span class='ocrx_word' id='word_1_95' title='bbox 1305 1494 1362 1560; x_wconf 93' lang='lat' dir='ltr'>nisi</span> <span class='ocrx_word' id='word_1_96' title='bbox 1380 1505 1537 1586; x_wconf 76' lang='lat' dir='ltr'>quantum</span> 
     </span>
     <span class='ocr_line' id='line_1_11' title="bbox 315 1582 1537 1679; baseline -0.002 -25"><span class='ocrx_word' id='word_1_97' title='bbox 315 1596 347 1654; x_wconf 87' lang='lat' dir='ltr'>et</span> <span class='ocrx_word' id='word_1_98' title='bbox 357 1583 553 1653; x_wconf 90' lang='lat' dir='ltr'>abscondere</span> <span class='ocrx_word' id='word_1_99' title='bbox 570 1587 600 1651; x_wconf 90' lang='lat' dir='ltr'>in</span> <span class='ocrx_word' id='word_1_100' title='bbox 618 1582 755 1653; x_wconf 87' lang='lat' dir='ltr'>torrente</span> <span class='ocrx_word' id='word_1_101' title='bbox 767 1584 919 1665; x_wconf 68' lang='lat' dir='ltr'>careth„</span> <span class='ocrx_word' id='word_1_102' title='bbox 948 1585 1088 1675; x_wconf 84' lang='lat' dir='ltr'>pugillus</span> <span class='ocrx_word' id='word_1_103' title='bbox 1112 1609 1226 1679; x_wconf 80' lang='lat' dir='ltr'>capere</span> <span class='ocrx_word' id='word_1_104' title='bbox 1249 1598 1353 1677; x_wconf 88' lang='lat' dir='ltr'>potest</span> <span class='ocrx_word' id='word_1_105' title='bbox 1369 1586 1488 1655; x_wconf 84' lang='lat' dir='ltr'>larinas</span> <span class='ocrx_word' id='word_1_106' title='bbox 1505 1588 1537 1653; x_wconf 93' lang='lat' dir='ltr'>in</span> 
     </span>
     <span class='ocr_line' id='line_1_12' title="bbox 315 1676 1538 1773; baseline 0.002 -29"><span class='ocrx_word' id='word_1_107' title='bbox 315 1681 373 1768; x_wconf 91' lang='lat' dir='ltr'>qui</span> <span class='ocrx_word' id='word_1_108' title='bbox 397 1689 445 1745; x_wconf 88' lang='lat' dir='ltr'>est</span> <span class='ocrx_word' id='word_1_109' title='bbox 467 1689 577 1746; x_wconf 84' lang='lat' dir='ltr'>contra</span> <span class='ocrx_word' id='word_1_110' title='bbox 600 1676 781 1759; x_wconf 75' lang='lat' dir='ltr'>lemanem,</span> <span class='ocrx_word' id='word_1_111' title='bbox 809 1687 841 1747; x_wconf 86' lang='lat' dir='ltr'>et</span> <span class='ocrx_word' id='word_1_112' title='bbox 858 1676 900 1744; x_wconf 92' lang='lat' dir='ltr'>ibi</span> <span class='ocrx_word' id='word_1_113' title='bbox 950 1678 1074 1773; x_wconf 83' lang='lat' dir='ltr'>hydria,</span> <span class='ocrx_word' id='word_1_114' title='bbox 1115 1691 1148 1748; x_wconf 85' lang='lat' dir='ltr'>et</span> <span class='ocrx_word' id='word_1_115' title='bbox 1186 1680 1354 1771; x_wconf 85' lang='lat' dir='ltr'>paululum</span> <span class='ocrx_word' id='word_1_116' title='bbox 1396 1680 1456 1747; x_wconf 91' lang='lat' dir='ltr'>olei</span> <span class='ocrx_word' id='word_1_117' title='bbox 1477 1711 1479 1717; x_wconf 94' lang='lat'>·</span> <span class='ocrx_word' id='word_1_118' title='bbox 1504 1681 1538 1747; x_wconf 90' lang='lat' dir='ltr'>in</span> 
     </span>
     <span class='ocr_line' id='line_1_13' title="bbox 314 1769 1537 1865; baseline 0.002 -27"><span class='ocrx_word' id='word_1_119' title='bbox 314 1772 356 1839; x_wconf 91' lang='lat' dir='ltr'>de</span> <span class='ocrx_word' id='word_1_120' title='bbox 403 1781 539 1840; x_wconf 87' lang='lat' dir='ltr'>torrente</span> <span class='ocrx_word' id='word_1_121' title='bbox 578 1769 678 1854; x_wconf 88' lang='lat' dir='ltr'>bibes,</span> <span class='ocrx_word' id='word_1_122' title='bbox 731 1772 902 1861; x_wconf 81' lang='lat' dir='ltr'>corvisque</span> <span class='ocrx_word' id='word_1_123' title='bbox 947 1770 1085 1865; x_wconf 89' lang='lat' dir='ltr'>lecytho;</span> <span class='ocrx_word' id='word_1_124' title='bbox 1123 1794 1164 1840; x_wconf 90' lang='lat' dir='ltr'>en</span> <span class='ocrx_word' id='word_1_125' title='bbox 1189 1772 1302 1860; x_wconf 81' lang='lat' dir='ltr'>colligo</span> <span class='ocrx_word' id='word_1_126' title='bbox 1315 1770 1487 1860; x_wconf 83' lang='lat' dir='ltr'>duoligna‚</span> <span class='ocrx_word' id='word_1_127' title='bbox 1500 1783 1537 1840; x_wconf 89' lang='lat' dir='ltr'>ut</span> 
     </span>
     <span class='ocr_line' id='line_1_14' title="bbox 310 1862 1536 1959; baseline 0.002 -28"><span class='ocrx_word' id='word_1_128' title='bbox 310 1864 485 1959; x_wconf 87' lang='lat' dir='ltr'>praecepi,</span> <span class='ocrx_word' id='word_1_129' title='bbox 527 1873 563 1933; x_wconf 92' lang='lat' dir='ltr'>ut</span> <span class='ocrx_word' id='word_1_130' title='bbox 600 1874 732 1957; x_wconf 84' lang='lat' dir='ltr'>pascant</span> <span class='ocrx_word' id='word_1_131' title='bbox 781 1874 812 1934; x_wconf 87' lang='lat' dir='ltr'>te</span> <span class='ocrx_word' id='word_1_132' title='bbox 851 1864 904 1931; x_wconf 89' lang='lat' dir='ltr'>ibi.</span> <span class='ocrx_word' id='word_1_133' title='bbox 951 1864 1118 1953; x_wconf 84' lang='lat' dir='ltr'>ingrediar,</span> <span class='ocrx_word' id='word_1_134' title='bbox 1143 1876 1174 1933; x_wconf 86' lang='lat' dir='ltr'>et</span> <span class='ocrx_word' id='word_1_135' title='bbox 1189 1862 1485 1945; x_wconf 84' lang='lat' dir='ltr'>iaciamilludmihi,</span> <span class='ocrx_word' id='word_1_136' title='bbox 1502 1863 1536 1934; x_wconf 86' lang='lat' dir='ltr'>et</span> 
     </span>
     <span class='ocr_line' id='line_1_15' title="bbox 312 1956 1544 2049; baseline -0.001 -23"><span class='ocrx_word' id='word_1_137' title='bbox 312 1957 497 2049; x_wconf 80' lang='lat' dir='ltr'>·Abiltergo‚</span> <span class='ocrx_word' id='word_1_138' title='bbox 514 1970 546 2028; x_wconf 90' lang='lat' dir='ltr'>et</span> <span class='ocrx_word' id='word_1_139' title='bbox 568 1959 642 2026; x_wconf 86' lang='lat' dir='ltr'>lecit</span> <span class='ocrx_word' id='word_1_140' title='bbox 659 1960 750 2049; x_wconf 85' lang='lat' dir='ltr'>juxta</span> <span class='ocrx_word' id='word_1_141' title='bbox 767 1958 901 2027; x_wconf 91' lang='lat' dir='ltr'>verbum</span> <span class='ocrx_word' id='word_1_142' title='bbox 949 1956 1016 2025; x_wconf 88' lang='lat' dir='ltr'>lilio</span> <span class='ocrx_word' id='word_1_143' title='bbox 1029 1979 1111 2039; x_wconf 87' lang='lat' dir='ltr'>meo,</span> <span class='ocrx_word' id='word_1_144' title='bbox 1124 1957 1385 2037; x_wconf 87' lang='lat' dir='ltr'>utcomedamus,</span> <span class='ocrx_word' id='word_1_145' title='bbox 1411 1966 1444 2023; x_wconf 90' lang='lat' dir='ltr'>et</span> <span class='ocrx_word' id='word_1_146' title='bbox 1473 1978 1544 2025; x_wconf 92' lang='lat' dir='ltr'>mo-</span> 
     </span>
     <span class='ocr_line' id='line_1_16' title="bbox 315 2049 1544 2143; baseline -0.001 -24"><span class='ocrx_word' id='word_1_147' title='bbox 315 2052 451 2120; x_wconf 92' lang='lat' dir='ltr'>Domini.</span> <span class='ocrx_word' id='word_1_148' title='bbox 477 2052 623 2143; x_wconf 86' lang='lat' dir='ltr'>Cumque</span> <span class='ocrx_word' id='word_1_149' title='bbox 648 2050 787 2132; x_wconf 86' lang='lat' dir='ltr'>abiisset,</span> <span class='ocrx_word' id='word_1_150' title='bbox 819 2050 901 2121; x_wconf 89' lang='lat' dir='ltr'>sedit</span> <span class='ocrx_word' id='word_1_151' title='bbox 949 2052 1086 2119; x_wconf 75' lang='lat' dir='ltr'>damur.</span> <span class='ocrx_word' id='word_1_152' title='bbox 1110 2051 1161 2118; x_wconf 83' lang='lat' dir='ltr'>Ad</span> <span class='ocrx_word' id='word_1_153' title='bbox 1186 2072 1283 2141; x_wconf 93' lang='lat' dir='ltr'>quam</span> <span class='ocrx_word' id='word_1_154' title='bbox 1297 2049 1381 2117; x_wconf 82' lang='lat' dir='ltr'>Elias</span> <span class='ocrx_word' id='word_1_155' title='bbox 1396 2050 1447 2116; x_wconf 88' lang='lat' dir='ltr'>ait.</span> <span class='ocrx_word' id='word_1_156' title='bbox 1468 2050 1544 2118; x_wconf 87' lang='lat' dir='ltr'>Noli</span> 
     </span>
     <span class='ocr_line' id='line_1_17' title="bbox 316 2142 1545 2235; baseline 0.002 -24"><span class='ocrx_word' id='word_1_157' title='bbox 316 2145 494 2214; x_wconf 87' lang='lat' dir='ltr'>intorrente</span> <span class='ocrx_word' id='word_1_158' title='bbox 510 2144 643 2224; x_wconf 78' lang='lat' dir='ltr'>Carrith</span> <span class='ocrx_word' id='word_1_159' title='bbox 661 2146 715 2235; x_wconf 92' lang='lat' dir='ltr'>qui</span> <span class='ocrx_word' id='word_1_160' title='bbox 732 2155 907 2214; x_wconf 87' lang='lat' dir='ltr'>estcontra</span> <span class='ocrx_word' id='word_1_161' title='bbox 956 2148 1078 2226; x_wconf 91' lang='lat' dir='ltr'>timere,</span> <span class='ocrx_word' id='word_1_162' title='bbox 1104 2144 1160 2213; x_wconf 93' lang='lat' dir='ltr'>sed</span> <span class='ocrx_word' id='word_1_163' title='bbox 1185 2144 1277 2225; x_wconf 85' lang='lat' dir='ltr'>vade,</span> <span class='ocrx_word' id='word_1_164' title='bbox 1301 2154 1333 2212; x_wconf 91' lang='lat' dir='ltr'>et</span> <span class='ocrx_word' id='word_1_165' title='bbox 1372 2143 1421 2210; x_wconf 90' lang='lat' dir='ltr'>iac</span> <span class='ocrx_word' id='word_1_166' title='bbox 1460 2142 1545 2213; x_wconf 78' lang='lat' dir='ltr'>simut</span> 
     </span>
     <span class='ocr_line' id='line_1_18' title="bbox 317 2236 1542 2329; baseline 0.001 -24"><span class='ocrx_word' id='word_1_167' title='bbox 317 2237 496 2305; x_wconf 86' lang='lat' dir='ltr'>lordanem</span> <span class='ocrx_word' id='word_1_168' title='bbox 520 2237 613 2305; x_wconf 86' lang='lat' dir='ltr'>Corvi</span> <span class='ocrx_word' id='word_1_169' title='bbox 642 2258 775 2329; x_wconf 92' lang='lat' dir='ltr'>quoque</span> <span class='ocrx_word' id='word_1_170' title='bbox 814 2237 902 2307; x_wconf 86' lang='lat' dir='ltr'>dele-</span> <span class='ocrx_word' id='word_1_171' title='bbox 949 2237 1065 2307; x_wconf 84' lang='lat' dir='ltr'>dixisti.</span> <span class='ocrx_word' id='word_1_172' title='bbox 1078 2236 1384 2307; x_wconf 88' lang='lat' dir='ltr'>Verumtamenmihi</span> <span class='ocrx_word' id='word_1_173' title='bbox 1401 2237 1542 2327; x_wconf 91' lang='lat' dir='ltr'>primum</span> 
     </span>
     <span class='ocr_line' id='line_1_19' title="bbox 317 2328 1539 2423; baseline 0.001 -25"><span class='ocrx_word' id='word_1_174' title='bbox 317 2328 430 2398; x_wconf 83' lang='lat' dir='ltr'>rebant</span> <span class='ocrx_word' id='word_1_175' title='bbox 444 2330 481 2397; x_wconf 86' lang='lat' dir='ltr'>&#39;ei</span> <span class='ocrx_word' id='word_1_176' title='bbox 505 2352 630 2422; x_wconf 87' lang='lat' dir='ltr'>panem,</span> <span class='ocrx_word' id='word_1_177' title='bbox 655 2342 687 2400; x_wconf 87' lang='lat' dir='ltr'>et</span> <span class='ocrx_word' id='word_1_178' title='bbox 709 2351 821 2399; x_wconf 90' lang='lat' dir='ltr'>carnes</span> <span class='ocrx_word' id='word_1_179' title='bbox 838 2353 904 2399; x_wconf 94' lang='lat' dir='ltr'>ma·</span> <span class='ocrx_word' id='word_1_180' title='bbox 944 2332 1001 2401; x_wconf 86' lang='lat' dir='ltr'>&#39;lac</span> <span class='ocrx_word' id='word_1_181' title='bbox 1012 2332 1054 2401; x_wconf 87' lang='lat' dir='ltr'>de</span> <span class='ocrx_word' id='word_1_182' title='bbox 1063 2335 1133 2423; x_wconf 90' lang='lat' dir='ltr'>ipsa</span> <span class='ocrx_word' id='word_1_183' title='bbox 1145 2332 1280 2399; x_wconf 81' lang='lat' dir='ltr'>farinula</span> <span class='ocrx_word' id='word_1_184' title='bbox 1291 2330 1539 2399; x_wconf 88' lang='lat' dir='ltr'>subcinericium</span> 
     </span>
     <span class='ocr_line' id='line_1_20' title="bbox 317 2422 1539 2516; baseline 0.001 -26"><span class='ocrx_word' id='word_1_185' title='bbox 317 2444 368 2505; x_wconf 89' lang='lat' dir='ltr'>ne;</span> <span class='ocrx_word' id='word_1_186' title='bbox 392 2424 534 2493; x_wconf 88' lang='lat' dir='ltr'>similiter</span> <span class='ocrx_word' id='word_1_187' title='bbox 568 2446 681 2515; x_wconf 90' lang='lat' dir='ltr'>panem</span> <span class='ocrx_word' id='word_1_188' title='bbox 722 2435 754 2493; x_wconf 86' lang='lat' dir='ltr'>et</span> <span class='ocrx_word' id='word_1_189' title='bbox 793 2446 905 2494; x_wconf 89' lang='lat' dir='ltr'>carnes</span> <span class='ocrx_word' id='word_1_190' title='bbox 951 2448 1065 2516; x_wconf 92' lang='lat' dir='ltr'>panem</span> <span class='ocrx_word' id='word_1_191' title='bbox 1083 2426 1263 2515; x_wconf 83' lang='lat' dir='ltr'>parvulum,</span> <span class='ocrx_word' id='word_1_192' title='bbox 1280 2422 1404 2491; x_wconf 82' lang='lat' dir='ltr'>staffer</span> <span class='ocrx_word' id='word_1_193' title='bbox 1421 2423 1462 2490; x_wconf 94' lang='lat' dir='ltr'>ad</span> <span class='ocrx_word' id='word_1_194' title='bbox 1479 2446 1539 2493; x_wconf 88' lang='lat' dir='ltr'>me:</span> 
     </span>
     <span class='ocr_line' id='line_1_21' title="bbox 319 2516 1541 2610; baseline 0 -24"><span class='ocrx_word' id='word_1_195' title='bbox 319 2538 463 2610; x_wconf 85' lang='lat' dir='ltr'>vespere,</span> <span class='ocrx_word' id='word_1_196' title='bbox 494 2528 526 2587; x_wconf 89' lang='lat' dir='ltr'>et</span> <span class='ocrx_word' id='word_1_197' title='bbox 553 2516 682 2586; x_wconf 80' lang='lat' dir='ltr'>bibebat</span> <span class='ocrx_word' id='word_1_198' title='bbox 699 2516 739 2587; x_wconf 94' lang='lat' dir='ltr'>de</span> <span class='ocrx_word' id='word_1_199' title='bbox 756 2528 903 2587; x_wconf 84' lang='lat' dir='ltr'>torrente:</span> <span class='ocrx_word' id='word_1_200' title='bbox 950 2519 1008 2586; x_wconf 89' lang='lat' dir='ltr'>tibi</span> <span class='ocrx_word' id='word_1_201' title='bbox 1031 2529 1140 2585; x_wconf 91' lang='lat' dir='ltr'>antem</span> <span class='ocrx_word' id='word_1_202' title='bbox 1170 2527 1202 2585; x_wconf 92' lang='lat' dir='ltr'>et</span> <span class='ocrx_word' id='word_1_203' title='bbox 1240 2516 1306 2583; x_wconf 87' lang='lat' dir='ltr'>fillo</span> <span class='ocrx_word' id='word_1_204' title='bbox 1345 2524 1401 2583; x_wconf 91' lang='lat' dir='ltr'>tuo</span> <span class='ocrx_word' id='word_1_205' title='bbox 1441 2517 1541 2586; x_wconf 84' lang='lat' dir='ltr'>iacies</span> 
     </span>
     <span class='ocr_line' id='line_1_22' title="bbox 315 2608 1539 2704; baseline -0.002 -26"><span class='ocrx_word' id='word_1_206' title='bbox 315 2621 390 2704; x_wconf 88' lang='lat' dir='ltr'>post</span> <span class='ocrx_word' id='word_1_207' title='bbox 411 2610 479 2681; x_wconf 91' lang='lat' dir='ltr'>dies</span> <span class='ocrx_word' id='word_1_208' title='bbox 496 2622 601 2681; x_wconf 90' lang='lat' dir='ltr'>autem</span> <span class='ocrx_word' id='word_1_209' title='bbox 618 2615 757 2681; x_wconf 91' lang='lat' dir='ltr'>siccatus</span> <span class='ocrx_word' id='word_1_210' title='bbox 774 2624 821 2681; x_wconf 89' lang='lat' dir='ltr'>est</span> <span class='ocrx_word' id='word_1_211' title='bbox 838 2624 904 2680; x_wconf 93' lang='lat' dir='ltr'>tor·</span> <span class='ocrx_word' id='word_1_212' title='bbox 950 2622 1069 2702; x_wconf 87' lang='lat' dir='ltr'>postea.</span> <span class='ocrx_word' id='word_1_213' title='bbox 1093 2612 1178 2678; x_wconf 89' lang='lat' dir='ltr'>Haec</span> <span class='ocrx_word' id='word_1_214' title='bbox 1202 2622 1309 2677; x_wconf 90' lang='lat' dir='ltr'>autem</span> <span class='ocrx_word' id='word_1_215' title='bbox 1333 2608 1410 2678; x_wconf 92' lang='lat' dir='ltr'>dicit</span> <span class='ocrx_word' id='word_1_216' title='bbox 1431 2610 1539 2678; x_wconf 91' lang='lat' dir='ltr'>Domi-</span> 
     </span>
     <span class='ocr_line' id='line_1_23' title="bbox 319 2700 1539 2797; baseline 0 -25"><span class='ocrx_word' id='word_1_217' title='bbox 319 2726 402 2787; x_wconf 81' lang='lat' dir='ltr'>rens3</span> <span class='ocrx_word' id='word_1_218' title='bbox 428 2726 492 2773; x_wconf 94' lang='lat' dir='ltr'>non</span> <span class='ocrx_word' id='word_1_219' title='bbox 521 2707 603 2775; x_wconf 91' lang='lat' dir='ltr'>enim</span> <span class='ocrx_word' id='word_1_220' title='bbox 644 2707 768 2797; x_wconf 81' lang='lat' dir='ltr'>pluerat</span> <span class='ocrx_word' id='word_1_221' title='bbox 805 2728 903 2795; x_wconf 91' lang='lat' dir='ltr'>super</span> <span class='ocrx_word' id='word_1_222' title='bbox 951 2728 1012 2772; x_wconf 92' lang='lat' dir='ltr'>nus</span> <span class='ocrx_word' id='word_1_223' title='bbox 1039 2706 1124 2771; x_wconf 89' lang='lat' dir='ltr'>Deus</span> <span class='ocrx_word' id='word_1_224' title='bbox 1151 2704 1258 2772; x_wconf 90' lang='lat' dir='ltr'>lsrael:</span> <span class='ocrx_word' id='word_1_225' title='bbox 1286 2700 1401 2795; x_wconf 79' lang='lat' dir='ltr'>hydria</span> <span class='ocrx_word' id='word_1_226' title='bbox 1418 2704 1539 2772; x_wconf 80' lang='lat' dir='ltr'>farinae</span> 
     </span>
     <span class='ocr_line' id='line_1_24' title="bbox 317 2796 1538 2889; baseline -0.003 -22"><span class='ocrx_word' id='word_1_227' title='bbox 317 2806 443 2867; x_wconf 73' lang='lat' dir='ltr'>terram,</span> <span class='ocrx_word' id='word_1_228' title='bbox 467 2802 582 2867; x_wconf 82' lang='lat' dir='ltr'>Factus</span> <span class='ocrx_word' id='word_1_229' title='bbox 613 2810 660 2869; x_wconf 90' lang='lat' dir='ltr'>est</span> <span class='ocrx_word' id='word_1_230' title='bbox 684 2821 759 2889; x_wconf 82' lang='lat' dir='ltr'>ergo</span> <span class='ocrx_word' id='word_1_231' title='bbox 798 2816 904 2866; x_wconf 88' lang='lat' dir='ltr'>sermo</span> <span class='ocrx_word' id='word_1_232' title='bbox 950 2818 1015 2866; x_wconf 92' lang='lat' dir='ltr'>non</span> <span class='ocrx_word' id='word_1_233' title='bbox 1039 2796 1176 2880; x_wconf 83' lang='lat' dir='ltr'>deficiet,</span> <span class='ocrx_word' id='word_1_234' title='bbox 1202 2818 1261 2865; x_wconf 91' lang='lat' dir='ltr'>nec</span> <span class='ocrx_word' id='word_1_235' title='bbox 1300 2797 1446 2889; x_wconf 78' lang='lat' dir='ltr'>lecythus</span> <span class='ocrx_word' id='word_1_236' title='bbox 1476 2796 1538 2865; x_wconf 88' lang='lat' dir='ltr'>olei</span> 
     </span>
     <span class='ocr_line' id='line_1_25' title="bbox 317 2889 1537 2982; baseline 0.001 -25"><span class='ocrx_word' id='word_1_237' title='bbox 317 2892 447 2958; x_wconf 88' lang='lat' dir='ltr'>Domini</span> <span class='ocrx_word' id='word_1_238' title='bbox 469 2892 509 2958; x_wconf 87' lang='lat' dir='ltr'>ad</span> <span class='ocrx_word' id='word_1_239' title='bbox 534 2914 619 2973; x_wconf 84' lang='lat' dir='ltr'>eum,</span> <span class='ocrx_word' id='word_1_240' title='bbox 650 2892 767 2960; x_wconf 88' lang='lat' dir='ltr'>dicens:</span> <span class='ocrx_word' id='word_1_241' title='bbox 806 2910 903 2982; x_wconf 83' lang='lat' dir='ltr'>surge</span> <span class='ocrx_word' id='word_1_242' title='bbox 949 2893 1110 2969; x_wconf 90' lang='lat' dir='ltr'>minuetur</span> <span class='ocrx_word' id='word_1_243' title='bbox 1132 2914 1239 2981; x_wconf 90' lang='lat' dir='ltr'>usque</span> <span class='ocrx_word' id='word_1_244' title='bbox 1262 2889 1302 2957; x_wconf 94' lang='lat' dir='ltr'>ad</span> <span class='ocrx_word' id='word_1_245' title='bbox 1320 2890 1403 2966; x_wconf 82' lang='lat' dir='ltr'>diem</span> <span class='ocrx_word' id='word_1_246' title='bbox 1419 2892 1450 2957; x_wconf 89' lang='lat' dir='ltr'>iu</span> <span class='ocrx_word' id='word_1_247' title='bbox 1471 2911 1537 2982; x_wconf 87' lang='lat' dir='ltr'>qua</span> 
     </span>
     <span class='ocr_line' id='line_1_26' title="bbox 317 2971 1664 3086; baseline -0.001 -34"><span class='ocrx_word' id='word_1_248' title='bbox 317 2994 350 3053; x_wconf 89' lang='lat' dir='ltr'>et</span> <span class='ocrx_word' id='word_1_249' title='bbox 372 2982 453 3052; x_wconf 87' lang='lat' dir='ltr'>vade</span> <span class='ocrx_word' id='word_1_250' title='bbox 470 2984 898 3076; x_wconf 14' lang='lat' dir='ltr'>inSarephtaUSidoniorum,</span> <span class='ocrx_word' id='word_1_251' title='bbox 945 2986 1101 3054; x_wconf 84' lang='lat' dir='ltr'>Dominus</span> <span class='ocrx_word' id='word_1_252' title='bbox 1133 2971 1269 3052; x_wconf 83' lang='lat' dir='ltr'>daturus</span> <span class='ocrx_word' id='word_1_253' title='bbox 1304 2993 1354 3052; x_wconf 89' lang='lat' dir='ltr'>est</span> <span class='ocrx_word' id='word_1_254' title='bbox 1393 2984 1537 3074; x_wconf 84' lang='lat' dir='ltr'>pluviam</span> <span class='ocrx_word' id='word_1_255' title='bbox 1663 3055 1664 3086; x_wconf 36' lang='lat' dir='ltr'>y</span> 
     </span>
     <span class='ocr_line' id='line_1_27' title="bbox 319 3072 1535 3169; baseline -0.002 -24"><span class='ocrx_word' id='word_1_256' title='bbox 319 3085 351 3145; x_wconf 87' lang='lat' dir='ltr'>et</span> <span class='ocrx_word' id='word_1_257' title='bbox 373 3075 514 3144; x_wconf 88' lang='lat' dir='ltr'>manebis</span> <span class='ocrx_word' id='word_1_258' title='bbox 538 3076 592 3157; x_wconf 85' lang='lat' dir='ltr'>ihi,</span> <span class='ocrx_word' id='word_1_259' title='bbox 631 3072 778 3169; x_wconf 76' lang='lat' dir='ltr'>piaeoepi</span> <span class='ocrx_word' id='word_1_260' title='bbox 818 3081 902 3147; x_wconf 86' lang='lat' dir='ltr'>enim</span> <span class='ocrx_word' id='word_1_261' title='bbox 949 3100 1047 3169; x_wconf 89' lang='lat' dir='ltr'>super</span> <span class='ocrx_word' id='word_1_262' title='bbox 1071 3079 1184 3146; x_wconf 80' lang='lat' dir='ltr'>taciem</span> <span class='ocrx_word' id='word_1_263' title='bbox 1210 3087 1321 3146; x_wconf 86' lang='lat' dir='ltr'>terrae.</span> <span class='ocrx_word' id='word_1_264' title='bbox 1344 3078 1435 3157; x_wconf 86' lang='lat' dir='ltr'>Quae</span> <span class='ocrx_word' id='word_1_265' title='bbox 1448 3073 1535 3159; x_wconf 90' lang='lat' dir='ltr'>abiit,</span> 
     </span>
     <span class='ocr_line' id='line_1_28' title="bbox 321 3168 1539 3261; baseline 0.001 -25"><span class='ocrx_word' id='word_1_266' title='bbox 321 3168 363 3237; x_wconf 93' lang='lat' dir='ltr'>ibi</span> <span class='ocrx_word' id='word_1_267' title='bbox 387 3170 512 3239; x_wconf 80' lang='lat' dir='ltr'>mulieri</span> <span class='ocrx_word' id='word_1_268' title='bbox 534 3168 661 3251; x_wconf 86' lang='lat' dir='ltr'>viduae,</span> <span class='ocrx_word' id='word_1_269' title='bbox 688 3181 723 3237; x_wconf 90' lang='lat' dir='ltr'>ut</span> <span class='ocrx_word' id='word_1_270' title='bbox 739 3181 847 3260; x_wconf 89' lang='lat' dir='ltr'>pascat</span> <span class='ocrx_word' id='word_1_271' title='bbox 864 3182 903 3239; x_wconf 89' lang='lat' dir='ltr'>te.</span> <span class='ocrx_word' id='word_1_272' title='bbox 951 3183 983 3237; x_wconf 87' lang='lat' dir='ltr'>et</span> <span class='ocrx_word' id='word_1_273' title='bbox 1006 3172 1080 3237; x_wconf 85' lang='lat' dir='ltr'>iecit</span> <span class='ocrx_word' id='word_1_274' title='bbox 1099 3172 1190 3261; x_wconf 83' lang='lat' dir='ltr'>juxta</span> <span class='ocrx_word' id='word_1_275' title='bbox 1213 3168 1349 3239; x_wconf 86' lang='lat' dir='ltr'>verbum</span> <span class='ocrx_word' id='word_1_276' title='bbox 1379 3168 1477 3249; x_wconf 84' lang='lat' dir='ltr'>Elias,</span> <span class='ocrx_word' id='word_1_277' title='bbox 1506 3178 1539 3237; x_wconf 84' lang='lat' dir='ltr'>et</span> 
     </span>
     <span class='ocr_line' id='line_1_29' title="bbox 368 3258 1538 3355; baseline 0.001 -26"><span class='ocrx_word' id='word_1_278' title='bbox 368 3263 400 3338; x_wconf 79' lang='lat' dir='ltr'>tl.</span> <span class='ocrx_word' id='word_1_279' title='bbox 425 3262 638 3346; x_wconf 83' lang='lat' dir='ltr'>Recedehinc,</span> <span class='ocrx_word' id='word_1_280' title='bbox 665 3273 696 3332; x_wconf 87' lang='lat' dir='ltr'>et</span> <span class='ocrx_word' id='word_1_281' title='bbox 720 3262 802 3331; x_wconf 90' lang='lat' dir='ltr'>vade</span> <span class='ocrx_word' id='word_1_282' title='bbox 824 3281 901 3329; x_wconf 92' lang='lat' dir='ltr'>con·</span> <span class='ocrx_word' id='word_1_283' title='bbox 949 3263 1087 3330; x_wconf 87' lang='lat' dir='ltr'>comedit</span> <span class='ocrx_word' id='word_1_284' title='bbox 1111 3265 1189 3355; x_wconf 91' lang='lat' dir='ltr'>ipse,</span> <span class='ocrx_word' id='word_1_285' title='bbox 1206 3275 1249 3333; x_wconf 78' lang='lat' dir='ltr'>et</span> <span class='ocrx_word' id='word_1_286' title='bbox 1271 3262 1334 3341; x_wconf 83' lang='lat' dir='ltr'>illa,</span> <span class='ocrx_word' id='word_1_287' title='bbox 1358 3269 1390 3327; x_wconf 92' lang='lat' dir='ltr'>et</span> <span class='ocrx_word' id='word_1_288' title='bbox 1419 3258 1538 3330; x_wconf 90' lang='lat' dir='ltr'>domus</span> 
     </span>
     <span class='ocr_line' id='line_1_30' title="bbox 305 3350 1541 3447; baseline -0.001 -24"><span class='ocrx_word' id='word_1_289' title='bbox 305 3363 368 3423; x_wconf 72' lang='lat' dir='ltr'>¹tra</span> <span class='ocrx_word' id='word_1_290' title='bbox 391 3358 562 3439; x_wconf 81' lang='lat' dir='ltr'>Orientem,</span> <span class='ocrx_word' id='word_1_291' title='bbox 587 3357 664 3424; x_wconf 81' lang='lat' dir='ltr'>dixit</span> <span class='ocrx_word' id='word_1_292' title='bbox 685 3358 840 3425; x_wconf 85' lang='lat' dir='ltr'>Dominus</span> <span class='ocrx_word' id='word_1_293' title='bbox 864 3355 905 3423; x_wconf 92' lang='lat' dir='ltr'>ad</span> <span class='ocrx_word' id='word_1_294' title='bbox 952 3356 1031 3444; x_wconf 90' lang='lat' dir='ltr'>ejus:</span> <span class='ocrx_word' id='word_1_295' title='bbox 1055 3368 1087 3424; x_wconf 89' lang='lat' dir='ltr'>et</span> <span class='ocrx_word' id='word_1_296' title='bbox 1108 3379 1148 3425; x_wconf 86' lang='lat' dir='ltr'>ex</span> <span class='ocrx_word' id='word_1_297' title='bbox 1171 3356 1225 3422; x_wconf 89' lang='lat' dir='ltr'>illa</span> <span class='ocrx_word' id='word_1_298' title='bbox 1247 3354 1300 3422; x_wconf 90' lang='lat' dir='ltr'>die</span> <span class='ocrx_word' id='word_1_299' title='bbox 1324 3350 1437 3447; x_wconf 80' lang='lat' dir='ltr'>hydria</span> <span class='ocrx_word' id='word_1_300' title='bbox 1466 3354 1541 3422; x_wconf 86' lang='lat' dir='ltr'>iari-</span> 
     </span>
     <span class='ocr_line' id='line_1_31' title="bbox 321 3445 1540 3543; baseline -0.001 -28"><span class='ocrx_word' id='word_1_301' title='bbox 321 3448 432 3532; x_wconf 83' lang='lat' dir='ltr'>Illiam,</span> <span class='ocrx_word' id='word_1_302' title='bbox 455 3448 477 3493; x_wconf 84' lang='lat'>*</span> <span class='ocrx_word' id='word_1_303' title='bbox 500 3452 562 3533; x_wconf 90' lang='lat' dir='ltr'>Qui</span> <span class='ocrx_word' id='word_1_304' title='bbox 578 3450 666 3534; x_wconf 87' lang='lat' dir='ltr'>abiit,</span> <span class='ocrx_word' id='word_1_305' title='bbox 683 3461 715 3521; x_wconf 90' lang='lat' dir='ltr'>el</span> <span class='ocrx_word' id='word_1_306' title='bbox 730 3451 804 3519; x_wconf 87' lang='lat' dir='ltr'>iecit</span> <span class='ocrx_word' id='word_1_307' title='bbox 813 3452 907 3543; x_wconf 82' lang='lat' dir='ltr'>juxta</span> <span class='ocrx_word' id='word_1_308' title='bbox 952 3471 1011 3517; x_wconf 90' lang='lat' dir='ltr'>nae</span> <span class='ocrx_word' id='word_1_309' title='bbox 1026 3471 1089 3517; x_wconf 89' lang='lat' dir='ltr'>non</span> <span class='ocrx_word' id='word_1_310' title='bbox 1106 3449 1229 3531; x_wconf 83' lang='lat' dir='ltr'>deiecit,</span> <span class='ocrx_word' id='word_1_311' title='bbox 1246 3457 1278 3515; x_wconf 92' lang='lat' dir='ltr'>et</span> <span class='ocrx_word' id='word_1_312' title='bbox 1308 3445 1455 3540; x_wconf 85' lang='lat' dir='ltr'>lecythus</span> <span class='ocrx_word' id='word_1_313' title='bbox 1478 3447 1540 3516; x_wconf 90' lang='lat' dir='ltr'>olei</span> 
     </span>
     <span class='ocr_line' id='line_1_32' title="bbox 303 3540 1541 3630; baseline -0.002 -20"><span class='ocrx_word' id='word_1_314' title='bbox 303 3540 455 3611; x_wconf 68' lang='lat' dir='ltr'>uerbum</span> <span class='ocrx_word' id='word_1_315' title='bbox 479 3546 614 3612; x_wconf 90' lang='lat' dir='ltr'>Domini.</span> <span class='ocrx_word' id='word_1_316' title='bbox 954 3563 1018 3609; x_wconf 91' lang='lat' dir='ltr'>non</span> <span class='ocrx_word' id='word_1_317' title='bbox 1035 3553 1083 3610; x_wconf 90' lang='lat' dir='ltr'>est</span> <span class='ocrx_word' id='word_1_318' title='bbox 1100 3542 1294 3622; x_wconf 88' lang='lat' dir='ltr'>imminutus,</span> <span class='ocrx_word' id='word_1_319' title='bbox 1301 3542 1394 3630; x_wconf 81' lang='lat' dir='ltr'>juxta</span> <span class='ocrx_word' id='word_1_320' title='bbox 1404 3540 1541 3610; x_wconf 86' lang='lat' dir='ltr'>verbum</span> 
     </span>
     <span class='ocr_line' id='line_1_33' title="bbox 368 3634 1662 3732; baseline 0.001 -29"><span class='ocrx_word' id='word_1_321' title='bbox 368 3636 398 3704; x_wconf 76' lang='lat' dir='ltr'>i.</span> <span class='ocrx_word' id='word_1_322' title='bbox 415 3636 620 3706; x_wconf 78' lang='lat' dir='ltr'>Abscondere</span> <span class='ocrx_word' id='word_1_323' title='bbox 634 3638 815 3705; x_wconf 89' lang='lat' dir='ltr'>intorrente</span> <span class='ocrx_word' id='word_1_324' title='bbox 831 3637 908 3705; x_wconf 87' lang='lat' dir='ltr'>Car·</span> <span class='ocrx_word' id='word_1_325' title='bbox 954 3635 1080 3704; x_wconf 88' lang='lat' dir='ltr'>Domini</span> <span class='ocrx_word' id='word_1_326' title='bbox 1120 3634 1209 3723; x_wconf 90' lang='lat' dir='ltr'>quod</span> <span class='ocrx_word' id='word_1_327' title='bbox 1249 3634 1405 3725; x_wconf 87' lang='lat' dir='ltr'>loquutus</span> <span class='ocrx_word' id='word_1_328' title='bbox 1438 3634 1542 3710; x_wconf 80' lang='lat' dir='ltr'>luerat</span> <span class='ocrx_word' id='word_1_329' title='bbox 1661 3709 1662 3732; x_wconf 31' lang='lat' dir='ltr'>y</span> 
     </span>
     <span class='ocr_line' id='line_1_34' title="bbox 321 3727 1227 3813; baseline -0.003 -15"><span class='ocrx_word' id='word_1_330' title='bbox 321 3727 394 3813; x_wconf 88' lang='lat' dir='ltr'>rith,</span> <span class='ocrx_word' id='word_1_331' title='bbox 421 3741 452 3800; x_wconf 92' lang='lat' dir='ltr'>et</span> <span class='ocrx_word' id='word_1_332' title='bbox 475 3730 519 3798; x_wconf 91' lang='lat' dir='ltr'>ibi</span> <span class='ocrx_word' id='word_1_333' title='bbox 543 3730 584 3799; x_wconf 91' lang='lat' dir='ltr'>de</span> <span class='ocrx_word' id='word_1_334' title='bbox 624 3741 761 3801; x_wconf 84' lang='lat' dir='ltr'>torrente</span> <span class='ocrx_word' id='word_1_335' title='bbox 804 3728 907 3812; x_wconf 88' lang='lat' dir='ltr'>bibes;</span> <span class='ocrx_word' id='word_1_336' title='bbox 954 3731 988 3797; x_wconf 91' lang='lat' dir='ltr'>in</span> <span class='ocrx_word' id='word_1_337' title='bbox 1012 3752 1107 3796; x_wconf 92' lang='lat' dir='ltr'>manu</span> <span class='ocrx_word' id='word_1_338' title='bbox 1132 3728 1227 3797; x_wconf 76' lang='lat' dir='ltr'>liliae.</span> 
     </span>
     <span class='ocr_line' id='line_1_35' title="bbox 322 3821 1543 3917; baseline -0.005 -24"><span class='ocrx_word' id='word_1_339' title='bbox 322 3825 492 3916; x_wconf 87' lang='lat' dir='ltr'>corvisque</span> <span class='ocrx_word' id='word_1_340' title='bbox 526 3825 683 3917; x_wconf 84' lang='lat' dir='ltr'>praecepi,</span> <span class='ocrx_word' id='word_1_341' title='bbox 707 3832 744 3892; x_wconf 91' lang='lat' dir='ltr'>ut</span> <span class='ocrx_word' id='word_1_342' title='bbox 777 3833 910 3915; x_wconf 87' lang='lat' dir='ltr'>pascant</span> <span class='ocrx_word' id='word_1_343' title='bbox 1002 3832 1034 3904; x_wconf 78' lang='lat' dir='ltr'>n.</span> <span class='ocrx_word' id='word_1_344' title='bbox 1059 3821 1144 3890; x_wconf 81' lang='lat' dir='ltr'>Abiit</span> <span class='ocrx_word' id='word_1_345' title='bbox 1167 3822 1291 3904; x_wconf 89' lang='lat' dir='ltr'>mulier,</span> <span class='ocrx_word' id='word_1_346' title='bbox 1315 3830 1348 3890; x_wconf 92' lang='lat' dir='ltr'>et</span> <span class='ocrx_word' id='word_1_347' title='bbox 1371 3821 1543 3912; x_wconf 80' lang='lat' dir='ltr'>iecitjuxtn</span> 
     </span>
     <span class='ocr_line' id='line_1_36' title="bbox 322 3912 1543 4007; baseline -0.005 -20"><span class='ocrx_word' id='word_1_348' title='bbox 322 3927 353 3987; x_wconf 82' lang='lat' dir='ltr'>te</span> <span class='ocrx_word' id='word_1_349' title='bbox 377 3917 430 3986; x_wconf 86' lang='lat' dir='ltr'>ibi.</span> <span class='ocrx_word' id='word_1_350' title='bbox 453 3918 515 4001; x_wconf 89' lang='lat' dir='ltr'>Qui</span> <span class='ocrx_word' id='word_1_351' title='bbox 538 3917 624 3986; x_wconf 90' lang='lat' dir='ltr'>abiit.</span> <span class='ocrx_word' id='word_1_352' title='bbox 955 3915 1090 3985; x_wconf 86' lang='lat' dir='ltr'>verbum</span> <span class='ocrx_word' id='word_1_353' title='bbox 1130 3913 1358 4007; x_wconf 76' lang='lat' dir='ltr'>Prophetae*</span> <span class='ocrx_word' id='word_1_354' title='bbox 1397 3912 1543 3983; x_wconf 86' lang='lat' dir='ltr'>Comedit</span> 
     </span>
     <span class='ocr_line' id='line_1_37' title="bbox 348 4008 1472 4100; baseline -0.004 -21"><span class='ocrx_word' id='word_1_355' title='bbox 348 4036 353 4047; x_wconf 91' lang='lat'><strong>·</strong></span> <span class='ocrx_word' id='word_1_356' title='bbox 559 4009 663 4081; x_wconf 86' lang='lat' dir='ltr'>Lectio</span> <span class='ocrx_word' id='word_1_357' title='bbox 697 4031 730 4078; x_wconf 88' lang='lat' dir='ltr'>u.</span> <span class='ocrx_word' id='word_1_358' title='bbox 955 4009 1033 4100; x_wconf 90' lang='lat' dir='ltr'>ipse,</span> <span class='ocrx_word' id='word_1_359' title='bbox 1058 4020 1090 4076; x_wconf 89' lang='lat' dir='ltr'>et</span> <span class='ocrx_word' id='word_1_360' title='bbox 1113 4010 1175 4084; x_wconf 79' lang='lat' dir='ltr'>illa,</span> <span class='ocrx_word' id='word_1_361' title='bbox 1201 4019 1232 4077; x_wconf 89' lang='lat' dir='ltr'>et</span> <span class='ocrx_word' id='word_1_362' title='bbox 1255 4008 1372 4077; x_wconf 88' lang='lat' dir='ltr'>domus</span> <span class='ocrx_word' id='word_1_363' title='bbox 1394 4009 1472 4097; x_wconf 89' lang='lat' dir='ltr'>ejus.</span> 
     </span>
    </p>
   </div>
   <div class='ocr_carea' id='block_1_3' title="bbox 324 4054 1660 4195">
    <p class='ocr_par' dir='ltr' id='par_1_3' title="bbox 324 4054 1660 4195">
     <span class='ocr_line' id='line_1_38' title="bbox 324 4054 1660 4195; baseline 0.001 -26"><span class='ocrx_word' id='word_1_364' title='bbox 324 4054 503 4186; x_wconf 81' lang='lat' dir='ltr'>Surrexit,</span> <span class='ocrx_word' id='word_1_365' title='bbox 527 4113 559 4173; x_wconf 74' lang='lat' dir='ltr'>et</span> <span class='ocrx_word' id='word_1_366' title='bbox 580 4104 657 4172; x_wconf 81' lang='lat' dir='ltr'>ann</span> <span class='ocrx_word' id='word_1_367' title='bbox 691 4104 722 4171; x_wconf 83' lang='lat' dir='ltr'>n</span> <span class='ocrx_word' id='word_1_368' title='bbox 746 4101 908 4195; x_wconf 80' lang='lat' dir='ltr'>sarephu.</span> <span class='ocrx_word' id='word_1_369' title='bbox 1003 4101 1032 4167; x_wconf 76' lang='lat' dir='ltr'>r.</span> <span class='ocrx_word' id='word_1_370' title='bbox 1058 4104 1103 4169; x_wconf 70' lang='lat' dir='ltr'>nx</span> <span class='ocrx_word' id='word_1_371' title='bbox 1130 4103 1182 4168; x_wconf 73' lang='lat' dir='ltr'>tria</span> <span class='ocrx_word' id='word_1_372' title='bbox 1205 4101 1258 4170; x_wconf 73' lang='lat' dir='ltr'>ne</span> <span class='ocrx_word' id='word_1_373' title='bbox 1281 4101 1394 4195; x_wconf 70' lang='lat' dir='ltr'>nynia</span> <span class='ocrx_word' id='word_1_374' title='bbox 1428 4097 1548 4166; x_wconf 80' lang='lat' dir='ltr'>tarinae</span> <span class='ocrx_word' id='word_1_375' title='bbox 1659 4147 1660 4170; x_wconf 54' lang='lat'>,</span> 
     </span>
    </p>
   </div>
   <div class='ocr_carea' id='block_1_4' title="bbox 323 4191 1547 4382">
    <p class='ocr_par' dir='ltr' id='par_1_4' title="bbox 323 4191 1547 4382">
     <span class='ocr_line' id='line_1_39' title="bbox 323 4191 1547 4290; baseline -0.002 -28"><span class='ocrx_word' id='word_1_376' title='bbox 323 4194 470 4285; x_wconf 86' lang='lat' dir='ltr'>Cumque</span> <span class='ocrx_word' id='word_1_377' title='bbox 493 4201 631 4267; x_wconf 87' lang='lat' dir='ltr'>venisset</span> <span class='ocrx_word' id='word_1_378' title='bbox 653 4197 694 4267; x_wconf 86' lang='lat' dir='ltr'>ad</span> <span class='ocrx_word' id='word_1_379' title='bbox 717 4200 842 4290; x_wconf 84' lang='lat' dir='ltr'>portam</span> <span class='ocrx_word' id='word_1_380' title='bbox 864 4195 911 4264; x_wconf 86' lang='lat' dir='ltr'>ci·</span> <span class='ocrx_word' id='word_1_381' title='bbox 956 4216 1020 4263; x_wconf 91' lang='lat' dir='ltr'>non</span> <span class='ocrx_word' id='word_1_382' title='bbox 1036 4194 1162 4277; x_wconf 83' lang='lat' dir='ltr'>delenit,</span> <span class='ocrx_word' id='word_1_383' title='bbox 1179 4206 1211 4264; x_wconf 92' lang='lat' dir='ltr'>et</span> <span class='ocrx_word' id='word_1_384' title='bbox 1243 4194 1388 4287; x_wconf 86' lang='lat' dir='ltr'>lecythus</span> <span class='ocrx_word' id='word_1_385' title='bbox 1402 4191 1465 4260; x_wconf 91' lang='lat' dir='ltr'>olei</span> <span class='ocrx_word' id='word_1_386' title='bbox 1480 4210 1547 4286; x_wconf 86' lang='lat' dir='ltr'>non</span> 
     </span>
     <span class='ocr_line' id='line_1_40' title="bbox 323 4283 1546 4382; baseline -0.002 -24"><span class='ocrx_word' id='word_1_387' title='bbox 323 4286 438 4368; x_wconf 79' lang='lat' dir='ltr'>vitatis,</span> <span class='ocrx_word' id='word_1_388' title='bbox 462 4293 607 4382; x_wconf 82' lang='lat' dir='ltr'>apparuit</span> <span class='ocrx_word' id='word_1_389' title='bbox 620 4294 651 4363; x_wconf 88' lang='lat' dir='ltr'>ei</span> <span class='ocrx_word' id='word_1_390' title='bbox 675 4291 792 4362; x_wconf 89' lang='lat' dir='ltr'>mulier</span> <span class='ocrx_word' id='word_1_391' title='bbox 812 4286 912 4362; x_wconf 82' lang='lat' dir='ltr'>vidua</span> <span class='ocrx_word' id='word_1_392' title='bbox 954 4299 1005 4361; x_wconf 86' lang='lat' dir='ltr'>est</span> <span class='ocrx_word' id='word_1_393' title='bbox 1046 4290 1231 4359; x_wconf 88' lang='lat' dir='ltr'>imminutus</span> <span class='ocrx_word' id='word_1_394' title='bbox 1264 4289 1357 4377; x_wconf 81' lang='lat' dir='ltr'>juxta</span> <span class='ocrx_word' id='word_1_395' title='bbox 1407 4283 1546 4357; x_wconf 80' lang='lat' dir='ltr'>verbum</span> 
     </span>
    </p>
   </div>
   <div class='ocr_carea' id='block_1_5' title="bbox 0 0 1808 5034">
    <p class='ocr_par' dir='ltr' id='par_1_5' title="bbox 0 0 1808 5034">
     <span class='ocr_line' id='line_1_41' title="bbox 0 0 1808 5034; baseline 0 0"><span class='ocrx_word' id='word_1_396' title='bbox 0 0 1808 5034; x_wconf 95' lang='lat' dir='ltr'> </span> 
     </span>
    </p>
   </div>
  </div>
 </body>
</html>
