3584 5034
688 601 812 674 susm
827 598 1058 678 ''FssBuutult
1445 606 1490 674 35
1574 659 1578 666 .

261 715 844 808 eumnovum:*quiamirabilialecit.
893 715 1175 790 circumdederunt
1188 727 1289 790 ”euna
1319 719 1359 786 llt
1380 719 1491 787 -venie-

305 810 336 878 rl.
354 811 424 879 Eris
439 831 559 882 corona
574 812 692 902 gloriae
708 812 849 882 iamenu
896 813 1021 881 bautad
1033 836 1119 894 eum,
1131 825 1163 883 et
1173 813 1330 883 dicebant:
1342 817 1410 881 Ave
1425 814 1492 880 tter

259 905 395 972 Domini.
895 906 1100 974 ludaeorum:
1124 918 1155 975 et
1178 907 1297 974 dabant
1318 908 1347 974 ei
1371 906 1489 996 alapas.

273 1005 330 1078 rut
356 999 394 1064 lit
417 996 562 1066 diadema
584 998 675 1090 regni
697 998 729 1066 in
752 1020 851 1066 manu
899 1001 952 1068 Sic
992 1000 1214 1090 implebantur,
1254 1021 1338 1090 quae
1376 997 1418 1066 de
1452 995 1490 1068 se

257 1090 316 1158 Ilei
339 1092 397 1157 tui.
576 1096 582 1101 “
669 1143 671 1150 .
896 1093 1096 1184 praedixerat
1112 1094 1265 1162 Christos.
1291 1095 1344 1162 Sic
1370 1092 1488 1181 Marty-

288 1185 414 1250 ·Lectio
439 1185 470 1252 S.
493 1186 654 1276 Evangelii
670 1184 850 1254 secuudum
896 1209 949 1254 res
993 1187 1255 1254 imlhrmabantur
1293 1184 1334 1253 ad
1373 1186 1490 1267 omnia,

260 1279 425 1345 loannem.
838 1307 839 1312 ¹
883 1291 982 1370 ‘quae
1005 1281 1200 1370 persecutori
1217 1281 1358 1348 licuisset
1373 1278 1489 1358 iacere,

258 1437 264 1451 ,
494 1374 576 1441 Lect.
600 1392 653 1439 ιιι.
744 1437 755 1448 ,
845 1387 846 1394 ’
896 1372 1094 1465 perferenda.
1119 1375 1170 1440 Sic
1187 1373 1348 1464 paulisper
1363 1371 1490 1440 occulta

262 1417 317 1529 lu
349 1463 404 1530 illo
445 1473 598 1556 tempore:
637 1462 852 1553 apprehendit
898 1465 1063 1534 tremenda
1085 1468 1224 1557 potentia
1246 1463 1493 1534 commendaba-

260 1556 381 1623 Pilatus
404 1560 583 1638 desumet
605 1555 781 1645 flagellarit.
815 1557 854 1623 Et
900 1569 954 1626 tur
976 1560 1065 1650 prius
1090 1559 1241 1627 imitanda
1265 1558 1427 1649 sapientia.
1439 1557 1492 1625 Sic

260 1649 375 1718 milites
398 1650 573 1742 plectentes
614 1651 771 1718 Coronam
811 1649 851 1717 de
898 1673 1044 1740 reguum,
1069 1652 1158 1744 qood
1193 1653 1236 1724 de
1272 1651 1333 1720 hoc
1368 1649 1492 1719 mundo

260 1743 370 1833 spinis,
395 1746 616 1835 imposuerunt
639 1743 733 1834 capiti
773 1743 854 1833 ejus.
903 1756 1075 1827 nouerat,
1120 1746 1296 1838 superbum
1335 1743 1493 1812 muudum

260 1836 300 1902 Et
323 1836 455 1928 reliqua.
593 1861 596 1869 .
628 1883 633 1894 ·
903 1857 967 1904 non
1008 1839 1171 1927 atrocitate
1227 1836 1390 1930 pugnandi
1435 1835 1519 1904 sed·

282 1929 421 1997 Homilia
437 1931 468 1998 S.
487 1930 656 2019 Augustini
673 1929 831 2022 Episcopi.
902 1929 1042 2021 patiendi
1059 1932 1232 2001 humilitate
1258 1929 1413 2000 vincebat.
1441 1930 1494 1996 Sic

385 2027 487 2093 Truet.
517 2027 592 2090 116.
616 2021 652 2090 in
668 2025 828 2092 loannem.
903 2023 981 2089 illud
1004 2046 1137 2112 granum
1152 2023 1428 2116 multiplicandum
1444 2043 1496 2090 se·

260 2065 367 2182 Hoc
393 2117 511 2184 Pilatus
534 2137 600 2184 non
623 2115 668 2183 ob
692 2116 778 2183 aliud
809 2116 869 2186 fe·.
904 2115 1086 2185 minabatur
1124 2117 1265 2185 horribili
1289 2116 1491 2194 contumelia,

260 2208 343 2277 cisse
366 2209 547 2277 credendus
570 2219 628 2290 est,
653 2208 712 2276 nisi
729 2220 764 2276 ut
780 2211 851 2299 ejus
899 2219 936 2277 ut
959 2211 1092 2278 mirabili
1110 2211 1290 2302 'pullularet
1314 2209 1469 2296 ingloria.

260 2302 396 2390 injuriis
413 2302 524 2370 ludaei
566 2303 664 2370 satiati
704 2301 852 2370 sufficere
934 2305 968 2380 d.
984 2304 1095 2373 llilites
1114 2305 1270 2373 Praesidis
1286 2305 1494 2393 suscipientes

258 2393 320 2461 sibi
345 2396 578 2477 existimarent,
606 2406 638 2464 ct
668 2417 774 2488 usque
813 2395 855 2463 ad
902 2397 1010 2463 lesum
1037 2400 1069 2464 in
1092 2400 1297 2488 praetorium,
1320 2415 1494 2484 congrega-

260 2489 330 2577 ejus
351 2501 488 2558 mortem
513 2491 635 2558 saevire
659 2487 854 2557 desisterent.
900 2484 1016 2556 ierunt
1038 2489 1080 2559 ad
1095 2513 1170 2559 eum
1183 2492 1363 2561 universam
1380 2488 1496 2556 echon

260 2580 310 2647 Ad
323 2582 384 2651 hoc
395 2586 538 2674 pertinet,
555 2582 645 2674 quod
658 2581 740 2650 idem
753 2584 847 2650 Prae·
894 2590 971 2649 tem:
994 2591 1027 2649 et
1044 2595 1196 2651 exuentes
1213 2605 1298 2661 eum,
1315 2578 1496 2672 clamydem

261 2675 488 2746 sesoohortem
501 2698 591 2744 eoam
605 2677 698 2744 etiam
714 2675 857 2767 permisit
903 2676 1085 2742 coccineam
1110 2673 1390 2747 circumdederunt
1411 2671 1449 2738 ei:
1472 2670 1493 2713 i*

260 2767 377 2862 facere,
402 2791 486 2859 quae
510 2779 706 2857 sequuntur,
726 2768 858 2834 autlor-
905 2769 944 2834 Et
959 2767 1131 2858 plectentes
1149 2768 1305 2836 Coronam
1323 2765 1364 2833 de
1384 2764 1494 2856 spinis,

259 2859 505 2950 tastlsetjussit,
523 2860 743 2951 quamvishoc
758 2862 860 2925 Evau·
907 2869 1085 2952 posuerunt
1107 2882 1206 2951 super
1233 2869 1331 2952 caput
1346 2859 1425 2950 ejus.
1452 2926 1454 2929 ,

261 2952 382 3040 galium
417 2955 524 3020 tacuit:
547 2953 625 3019 dixit
658 2953 742 3020 enim
773 2951 851 3042 quid
925 2955 975 3022 d.
1000 2949 1494 3044 Geuuile'xoanteeum,illude-

262 3045 535 3136 deindc²'lecerint
558 3045 683 3127 milites;
719 3045 853 3114 Pilatum
900 3044 1495 3127 hauteidiceutes:Avellexludaeo·

263 3137 306 3205 id.
314 3137 451 3232 jussisse
474 3161 539 3208 non
562 3138 648 3206 dixit.
841 3181 847 3190 ι
904 3162 985 3208 rum.
998 3141 1037 3206 lit
1046 3141 1220 3232 plectentes
1232 3141 1401 3208 Coronam.
1419 3137 1494 3204 Glo-

266 3253 269 3269 ¹
309 3234 498 3310 tl.Christus
522 3255 638 3326 passus
652 3243 700 3301 est
715 3252 775 3323 pro
797 3252 856 3300 uo·
903 3234 951 3301 ria
967 3236 1061 3302 Patri.
1077 3235 1316 3326 Etplecteutes.
1397 3290 1400 3296 ,

262 3322 324 3405 bis,
348 3328 441 3395 vobis
465 3329 648 3418 relinquens
664 3327 858 3416 exemplum,
1130 3329 1214 3395 Lect.
1237 3345 1280 3393 (Χ.

263 3429 300 3484 ut
311 3422 487 3510 sequamini
499 3421 630 3510 vestigia
646 3421 725 3508 ejus:
750 3419 771 3460 *
789 3421 853 3500 Qui
1012 3422 1060 3488 De
1084 3419 1201 3492 Homil.
1227 3421 1297 3487 Fer.
1322 3441 1387 3488 cur.

262 3527 431 3603 peccatum
449 3523 513 3584 uon
529 3515 612 3594 iecit,
630 3515 852 3582 necinventus
929 3511 994 3579 ‘'l'e
1018 3514 1121 3580 Deum
1144 3512 1325 3581 laudamus.

263 3615 313 3672 est
335 3605 430 3674 dolus
452 3609 484 3674 in
509 3629 564 3675 ore
588 3610 666 3696 ejus.
928 3605 985 3671 ΑΙ)
998 3607 1166 3688 tannes
1183 3609 1232 3673 ΕΤ
1246 3607 1323 3674 Pun
1335 3602 1476 3673 nouas

302 3697 342 3762 ol.
355 3701 503 3778 Quicum
521 3701 773 3777 malediceretur,
790 3719 854 3768 non
1137 3699 1262 3789 Antiplr.

264 3789 483 3858 maledicebat:
495 3815 568 3860 cum
594 3802 763 3884 pateretur,
789 3812 852 3858 non
886 3741 1051 3882 Milites
1090 3792 1247 3862 Praesidis
1283 3788 1494 3878 suscipientes

265 3883 529 3953 comminabatur.
554 3889 616 3968 Qui
641 3895 816 3974 peceatum.
905 3887 1013 3954 lesum
1039 3887 1069 3952 iu
1100 3886 1305 3978 praetorium,
1320 3901 1495 3969 congrega-

351 3992 353 3998 '
434 4057 436 4060 ,
484 3982 596 4048 ‘Lect
621 3997 686 4046 (ιιι.
785 4008 788 4014 ·
905 3989 1021 4046 verunt
1044 3979 1084 4046 ad
1108 4002 1183 4048 eum
1223 3977 1404 4045 universam
1439 3993 1495 4042 co-

265 4022 335 4140 Et
358 4074 472 4140 milites
502 4069 649 4163 (iuquit)
686 4070 859 4161 plectentes
906 4071 1038 4140 hortem.

265 4165 422 4235 Coronam
440 4165 481 4234 de
505 4166 604 4258 spinis
635 4166 856 4257 imposuerunt
905 4167 1024 4233 Psclm.
1049 4165 1203 4234 Dominus
1227 4162 1380 4254 regnavit.
1416 4162 1496 4231 cum

266 4260 359 4348 capiti
383 4263 476 4352 eJ‘us,
501 4270 535 4328 et
572 4269 660 4330 veste
695 4278 857 4350 purpurea
904 4257 992 4346 reliq.
1006 4259 1054 4326 'de
1087 4257 1262 4329 Dominicc.
