3584 5034
745 560 868 631 tusus
894 560 1003 637 JUNll
1434 566 1478 633 ⁹7

384 676 430 751 IN
453 675 478 743 1.
501 671 723 745 hoedorum
892 674 971 756 sina,
998 670 1162 763 sulphure,
1189 674 1320 765 plumbo
1344 675 1478 769 liquela·

308 774 337 838 Α
368 770 488 851 Mileto,
522 768 559 837 de
596 772 712 840 emm.
752 765 846 837 nnius
893 768 1328 859 cto-,etlerrentipioe,eera,
1342 771 1478 864 oleoque

263 866 356 933 Mart.
373 862 408 933 in
424 861 562 932 cioitote.
578 861 667 933 Alibi
677 862 714 937 nte
730 859 849 951 Seript.
895 860 1056 950 perfusus,
1077 883 1204 931 summa
1229 868 1403 933 constantia
1417 888 1478 958 pro

265 980 364 1025 occur.
601 1022 604 1029 ,
896 952 1009 1021 Christi
1049 952 1113 1030 fide
1142 958 1293 1045 pugnavit
1324 959 1401 1025 nihil
1440 983 1480 1032 eo

369 1049 412 1117 IN
439 1050 477 1117 ll.
508 1048 739 1119 NOCTURNO.
895 1050 1037 1113 cruciatu
1054 1047 1240 1133 laesuso'ua
1262 1062 1479 1144 reperspeeta,

292 1190 313 1231 Ἰ
481 1145 583 1211 Lectio
607 1164 648 1209 rr.
790 1166 793 1171 ·
895 1140 988 1207 multi
1010 1161 1050 1206 ex
1065 1140 1112 1221 iis,
1130 1142 1184 1231 qui
1206 1127 1253 1210 ad
1261 1146 1480 1235 spectaculum

264 1191 443 1306 Erasmus
490 1238 666 1327 Episcopus
706 1235 846 1321 omnium
894 1243 1116 1314 convenerant,
1156 1234 1318 1306 ldolorum
1358 1242 1481 1331 impura

264 1332 417 1399 virtutum
440 1352 554 1419 genere
575 1328 700 1409 florens,
725 1329 848 1397 Diocle·
895 1326 1116 1419 superstitione
1131 1328 1263 1418 abjecta,
1279 1332 1376 1401 fidem
1393 1335 1481 1403 Chri-

265 1426 370 1505 tiano,
395 1432 426 1495 et
460 1422 645 1491 Maximiano
679 1424 851 1511 Imperato·
896 1421 936 1487 sti
961 1420 1089 1494 Domini
1111 1424 1247 1514 amplexi
1269 1440 1352 1495 sunt.

265 1516 353 1585 rihus
388 1517 579 1604 gravissimis
604 1514 735 1583 allectus
771 1536 847 1604 sup·
939 1521 972 1595 e.
998 1512 1352 1608 Desideriumssanimae.

264 1609 368 1701 pliciis
393 1608 591 1699 praeclarum
615 1606 689 1675 {idei
713 1608 851 1675 testimo·
947 1607 1051 1694 remp.
1070 1609 1180 1676 Poscit.
1204 1614 1240 1680 ln
1264 1618 1363 1685 servis
1386 1617 1462 1685 suis.

265 1705 351 1769 nium
370 1702 464 1769 dedit.
482 1704 511 1769 ls
528 1704 665 1793 primum
683 1701 853 1770 Salvatoris
1114 1704 1220 1773 Lectio
1243 1726 1297 1775 vt.-

268 1796 454 1863 sententiae
479 1815 600 1865 memor
636 1795 779 1863 dicentis:
820 1791 853 1861 Si
960 1812 1050 1858 erum
1075 1792 1101 1859 is
1129 1796 1242 1867 iterum
1273 1800 1420 1873 detrusus
1451 1807 1484 1873 in

267 1910 326 1957 vos
366 1889 550 1979 persequuti
583 1888 698 1955 luerint
721 1890 754 1954 in
790 1908 855 1953 una
901 1904 1062 1951 carcerom
1079 1894 1267 1961 constrictus
1279 1896 1398 1979 ferreis,
1416 1920 1488 1989 gra-

267 1983 399 2051 Civitate
423 1983 519 2070 fugite
542 1986 575 2049 in
599 1981 713 2060 aliam,
737 1983 770 2047 in
794 2002 850 2045 va·
898 1978 1101 2068 vissimisque
1140 1987 1285 2070 vinculis,
1333 1991 1407 2061 inde
1444 1991 1488 2059 ab

266 2087 346 2143 stam
372 2074 576 2142 solitudinem
597 2072 777 2145 seobdidit.
794 2071 857 2142 Ubi
904 2070 1026 2159 Angelo
1061 2074 1242 2149 mirabiliter
1265 2095 1393 2173 ereptus
1430 2097 1487 2155 est.

266 2168 307 2239 ad
334 2190 440 2235 rerum
459 2167 636 2235 divinarum
660 2168 854 2255 contempla·
901 2163 1021 2232 Deinde
1046 2166 1179 2240 Formiis
1204 2174 1265 2241 suh
1301 2178 1488 2247 Maximiano

266 2264 385 2329 tionem
401 2261 528 2331 assidue
545 2272 690 2339 attentus,
705 2261 850 2348 jejuniis·
896 2259 1010 2324 ilerum
1035 2261 1121 2329 varie
1159 2270 1369 2351 excruciatus,
1400 2270 1486 2339 tuni-

266 2376 332 2445 que
371 2352 497 2421 deditus
523 2354 639 2423 tamdiu
666 2354 750 2431 vixit,
775 2352 853 2419 dum
901 2372 1004 2440 eaque
1027 2374 1120 2422 aerea
1153 2361 1307 2430 candente
1348 2364 1488 2447 indutus,

267 2448 394 2515 coelesti
420 2468 498 2516 voce
521 2448 710 2527 admonitus,
735 2449 851 2513 iterum
900 2445 954 2509 illa
979 2447 1073 2511 etiam
1098 2459 1252 2520 tormenta
1268 2455 1374 2523 divina
1391 2454 1491 2525 virtu·

267 2543 300 2608 in
324 2541 447 2621 urbem,
465 2542 494 2607 in
512 2564 578 2631 qua
598 2552 689 2607 natus
713 2548 790 2619 erat,
815 2538 855 2605 ad
904 2548 935 2606 te
960 2541 1129 2627 superavit.
1156 2546 1218 2611 Sed
1235 2547 1276 2611 ad
1300 2550 1491 2617 confirman.

268 2632 381 2701 fideles
398 2635 557 2721 juvandos
582 2657 616 2703 se
645 2636 773 2722 recepit3
799 2631 854 2699 ubi
902 2630 980 2702 dum
1002 2641 1145 2702 caeteros
1172 2644 1201 2703 'a
1230 2640 1297 2705 Deo
1336 2655 1500 2733 servatus„

268 2749 342 2795 cum
369 2726 486 2793 multos
510 2730 658 2797 etiamen
682 2726 859 2796 Gentilibus
906 2723 1033 2794 tandem
1058 2741 1190 2797 vocante
1215 2733 1349 2801 Domino
1374 2743 1491 2833 marty-

267 2818 309 2887 ad
347 2818 503 2891 Christum
545 2820 747 2907 adjungeret,
774 2817 857 2884 mul·
904 2817 951 2882 rio
989 2816 1106 2898 clarus,
1131 2822 1277 2912 plurimis
1300 2837 1331 2895 et
1355 2832 1387 2895 in
1428 2831 1492 2903 lide

266 2922 365 3001 taque
405 2910 513 2981 ederet
535 2910 709 2990 vmiraculae
752 2932 856 2977 rerum
904 2906 1107 3006 confirmatis,
1131 2916 1217 2985 etad
1234 2918 1329 2987 fidem
1360 2943 1493 2997 conver.

268 3016 332 3075 tam
360 3004 546 3074 mirabilium
565 3005 647 3071 lama
672 3001 857 3093 pervulgata
904 3003 957 3081 sis,
998 3017 1107 3071 sancto
1131 3006 1195 3077 fine
1218 3015 1340 3103 quievit
1378 3034 1493 3107 quarto

272 3097 314 3165 ah
339 3098 451 3188 impiis,
472 3099 664 3165 Diocletiano
690 3096 862 3192 Imperato·
909 3118 1009 3163 nonas
1033 3098 1125 3167 lunii.
1150 3104 1226 3193 Ejus
1243 3128 1361 3199 corpus
1386 3128 1494 3201 postea

273 3212 319 3273 re,
342 3193 375 3258 in
399 3212 559 3261 carcerem
585 3190 761 3279 conjicitur.
907 3190 1045 3277 Cajetam
1068 3196 1252 3264 translatum
1269 3201 1300 3265 in
1326 3203 1493 3275 Cathedra-

320 3290 352 3363 d.
377 3286 561 3353 Honestum.
779 3286 782 3293 '
907 3281 929 3347 li
968 3283 1090 3351 Eclesia
1126 3287 1303 3360 honorifico
1346 3296 1494 3387 sepulcro

326 3368 429 3469 Temp.
449 3381 558 3448 Poseh.
577 3378 646 3449 Lux
670 3387 832 3469 perpetua.
905 3373 1070 3440 conditum
1095 3390 1152 3460 est,
1178 3382 1233 3449 ubi
1264 3386 1305 3451 ab
1330 3390 1399 3477 ejus
1422 3394 1494 3462 urbi

498 3471 603 3545 Lectio
625 3492 655 3538 r.
907 3466 1041 3549 civibus,
1069 3474 1128 3561 qui
1150 3498 1225 3543 eum
1241 3478 1302 3546 sibi
1326 3483 1495 3555 Patronnm

278 3514 496 3633 Christianae
531 3565 654 3641 iuterim
679 3563 752 3631 fidei
777 3557 864 3652 apud
911 3558 997 3649 apud
1024 3563 1124 3631 Deum
1146 3568 1349 3663 adoptarunt,
1373 3580 1497 3667 religio-

277 3658 348 3746 ejus
365 3658 547 3726 Provinciae
567 3656 745 3725 Praesidem
769 3676 864 3723 accu-
913 3676 948 3719 sa
973 3661 1183 3745 veneratione,
1201 3686 1390 3759 summaque
1413 3674 1496 3741 cele-

280 3760 379 3829 satus,
421 3751 518 3840 ipsius
542 3772 616 3819 mox
634 3753 739 3839 jussu,
780 3746 867 3835 quod
917 3745 1030 3815 britate
1053 3754 1175 3823 colitur.

278 3846 313 3912 in
336 3842 449 3911 Christi
475 3842 538 3909 fide
555 3842 724 3911 immobilis
740 3860 864 3931 perma-
959 3842 992 3914 tl.
1015 3844 1103 3913 Stola
1142 3851 1359 3936 jucunditatis.

280 3949 379 4017 neret,
396 3938 492 4015 varie,
508 3948 539 4005 et
550 3936 719 4003 crudeliter
736 3946 865 4023 torque·
916 3936 1020 4022 remp.
1046 3941 1155 4008 Pascit.
1182 3944 1275 4013 Filiae
1291 3950 1475 4021 Jerusalem.

279 4042 341 4099 tur.
361 4028 534 4098 Plumbntis
549 4032 630 4096 enim
644 4030 779 4117 primum
798 4048 869 4095 cae·
1021 4028 1062 4095 ΙΝ
1087 4033 1142 4098 lll.
1166 4036 1395 4112 NOCTURNO.

282 4124 378 4205 ditur,
419 4122 557 4192 lustibus
580 4120 696 4191 deinde
734 4120 869 4209 graviter
916 4193 918 4197 Α
1117 4128 1222 4196 Lectio
1245 4150 1298 4200 vu.

281 4216 496 4301 contunditur,
517 4228 584 4287 tum
607 4214 704 4308 paulo
728 4222 801 4306 post
817 4234 865 4279 re·
959 4214 1064 4283 Lectio
1087 4217 1118 4285 S.
1137 4220 1297 4314 Evangelii
1320 4235 1496 4321 secundum

1317 4345 1338 4409 7
