3584 5034
205 635 206 638 ,
302 579 346 646 as
730 553 1100 648 unsrnmnnurnn

300 690 408 778 ipsum
440 686 510 756 tulit
532 687 574 758 de
597 687 725 774 modio,
758 687 891 782 affigens
984 691 1089 770 Nunc,
1104 698 1137 758 et
1151 708 1209 780 per
1225 693 1319 757 omno
1345 689 1528 760 Saeculum.

300 779 382 850 illud
405 779 510 852 Cruci.
756 815 759 822 v
1009 788 1122 851 Amen.
1466 805 1469 838 ;
1512 824 1516 832 ·

542 872 650 946 Oratio
986 874 1029 944 Si
1058 874 1194 944 omissus
1227 874 1270 946 sit
1307 876 1450 966 Hymnus
1483 881 1529 947 ori

299 919 428 1049 Deus,
453 969 513 1057 qui
537 970 570 1034 in
594 973 887 1062 assumptacarnis
941 971 1104 1058 Vesperos,
1129 967 1253 1038 dicutur
1268 970 1311 1037 cd
1326 969 1524 1051 Maternum,

274 1099 275 1106 κ
300 1059 478 1128 infirmitate
502 1061 607 1148 Clavis
632 1060 726 1152 affigi,
751 1075 782 1132 et
805 1065 887 1131 Lan-
934 1074 963 1130 et
986 1063 1133 1152 Hymnus
1143 1061 1296 1130 Matutini
1325 1064 1526 1153 conjucpctor
1652 1123 1657 1130 .

299 1173 356 1221 cea
380 1154 542 1222 vulnerari
563 1175 623 1246 pro
650 1155 764 1223 mundi
788 1157 890 1223 salute
936 1177 1008 1224 cum
1031 1157 1155 1245 Hymnc
1178 1157 1221 1222 ad
1244 1157 1376 1224 Laudes

297 1245 436 1314 voluisti:
447 1245 589 1336 concedo
602 1250 816 1340 propitiusut
831 1251 890 1340 qui
1059 1249 1103 1315 IN
1127 1249 1153 1313 1.
1178 1248 1403 1318 NOCTURNO

298 1339 484 1407 eorumdem
521 1341 711 1421 Clarorum,
748 1352 780 1408 et
805 1343 896 1410 Lan-.
977 1339 1105 1430 antiph.
1129 1340 1178 1408 Ad
1196 1344 1305 1409 lesum
1322 1353 1428 1409 autem
1450 1363 1526 1410 oum

297 1453 373 1500 coac
396 1433 550 1502 solemnia
573 1457 762 1503 veneramur
775 1436 808 1503 in
822 1447 886 1504 ter·
933 1435 1103 1515 venissent,
1117 1436 1360 1524 confregerunt
1371 1436 1527 1524 ejuscro-

298 1528 363 1607 ris,
399 1525 439 1594 de
462 1527 605 1616 glorioso
632 1529 790 1598 uictoriae
815 1539 889 1596 tuae
938 1549 983 1607 ra,
1007 1527 1064 1595 sed
1080 1550 1166 1596 uuus
1182 1529 1321 1598 militum
1346 1529 1529 1598 Lanceaia·

299 1619 460 1709 triumpho
490 1621 687 1709 gratulemur
717 1625 752 1689 in
782 1623 890 1690 coetis.
938 1629 990 1688 tus
1013 1623 1083 1708 ejus
1106 1623 1238 1712 aperuit
1389 1678 1396 1694 .

299 1713 363 1792 Qui
386 1714 488 1794 vivis,
514 1724 546 1780 et
570 1735 688 1804 regnas
724 1738 799 1784 cum
824 1716 890 1785 Deo
986 1715 1074 1782 Psot-
1090 1715 1206 1781 Beatus
1220 1714 1278 1780 vir.
1291 1713 1530 1793 Quareiremu-

299 1805 391 1873 Patre
416 1815 475 1874 etc.
939 1815 1041 1874 erunt.
1064 1807 1199 1872 Domine
1222 1804 1300 1896 qnid
1317 1806 1529 1896 multiplicati,

350 1901 553 1969 Gemmarum.
579 1903 655 1974 Fer.
683 1901 718 1970 ἐπ
737 1903 893 1990 Quadrup.
939 1910 980 1966 ut·
995 1891 1034 1966 ἐπ’
1054 1899 1146 1968 Festo
1168 1895 1359 1966 inuentionis
1385 1900 1421 1966 S.
1449 1901 1531 1968 Gru·
1631 1897 1637 1910 '

344 1992 396 2060 Ad
422 1993 664 2084 Completmium
694 1997 751 2063 Pa.
788 2007 822 2063 ut
855 1995 892 2060 r'n
939 1990 999 2073 cis,
1021 2002 1056 2060 ut
1078 1990 1115 2059 ic
1138 1992 1222 2060 brec.

300 2085 400 2166 Psctt,
425 2099 453 2155 ct
476 2087 512 2154 in
535 2087 596 2172 fine
621 2086 743 2175 Hymni
758 2127 802 2139 -
818 2085 889 2154 Cla·
984 2084 1114 2175 antiph.
1126 2086 1232 2153 linivit
1243 2088 1385 2174 sanguis,
1397 2095 1430 2156 et
1443 2105 1530 2175 aqua
1660 2086 1661 2151 ἶ

299 2177 348 2244 vis
372 2177 540 2258 suram-et
564 2179 687 2246 Lancea
712 2189 821 2247 etcut
838 2176 889 2246 in*
937 2187 970 2246 ot
992 2177 1168 2269 qui-vidie,
1184 2180 1399 2250 testimonium
1424 2179 1531 2272 perhi-
1660 2238 1661 2269 ,

298 2272 399 2359 [amet
416 2269 463 2338 sic
479 2270 816 2363 terminanturHymnr'
828 2294 890 2363 per
938 2269 1019 2355 huit,
1047 2283 1079 2341 et
1102 2293 1217 2342 verum
1239 2283 1289 2342 est
1314 2274 1531 2344 testimonium

300 2383 406 2431 omnes
423 2365 541 2432 Horas·
938 2364 1019 2454 ejus.
1084 2421 1087 2426 .

463 2457 513 2524 Ad
528 2454 728 2526 Matutiaum.
987 2455 1111 2548 Antiph.
1135 2456 1207 2526 Alia
1242 2459 1405 2549 Scriptura
1443 2457 1531 2526 dicit:
1660 2462 1661 2477 ¹

344 2546 470 2618 Incitat.
506 2549 665 2618 Christum
696 2552 833 2636 Lancea,
858 2561 891 2622 et
936 2550 1094 2621 videbunt
1117 2554 1151 2618 in
1175 2575 1272 2642 quom
1297 2549 1531 2620 transfixerunt.

300 2639 404 2710 Clavis
428 2641 662 2712 vulneratum*
680 2645 790 2715 Venite
813 2645 893 2715 adu·
985 2647 1017 2714 ri.
1040 2645 1147 2725 Quem
1173 2655 1207 2712 tu
1231 2648 1434 2737 percussisti,
1457 2666 1532 2737 per·

300 2755 417 2805 remus.
699 2767 702 2774 ·
942 2738 1071 2830 sequuti
1093 2748 1178 2807 sunt.
1532 2813 1537 2827 ,

520 2831 664 2920 Hymnus
885 2847 889 2856 “
987 2836 1019 2908 rt.
1034 2832 1074 2899 ut
1088 2853 1187 2922 super
1202 2830 1347 2900 dolorem
1358 2832 1533 2902 vulnerum

302 2873 456 2990 Salvere
478 2922 578 3002 Clavi,
602 2933 634 2991 et
659 2924 782 2995 Lancea
825 2975 828 2981 ·
941 2946 1087 2994 meorum
1110 2924 1313 2994 addiderunt
1402 2933 1406 2938 ’
1521 2973 1525 2981 -

304 3075 310 3082 .
348 3013 505 3103 Squalore
528 3035 632 3105 nuper
655 3015 767 3099 obsita,
1173 3021 1256 3087 Leet.
1279 3040 1301 3086 ι.
1476 3044 1479 3057 ·

347 3109 438 3190 Quae
463 3126 567 3176 mersa
590 3106 706 3177 Christi
732 3113 870 3203 corpori,
1032 3108 1080 3179 De
1103 3110 1252 3179 Zacharia
1283 3109 1440 3202 Propheta
1503 3141 1506 3149 ·

321 3247 325 3258 ·
348 3202 442 3268 Almo
465 3199 587 3270 rubetis
612 3203 775 3292 sanguiue.
1102 3205 1247 3294 Gopxu.
1262 3227 1293 3274 v.
1319 3205 1370 3270 40.

302 3294 366 3363 Vos
389 3291 431 3360 ad
454 3293 561 3364 scelus
585 3294 720 3364 Judaiua
940 3246 1063 3366 llaec

1087 3296 1167 3365 dicit
1182 3298 1345 3366 Dominus:
1360 3293 1533 3364 Effundam
1658 3256 1659 3341 h

348 3386 494 3476 Ehegerat
515 3385 662 3479 perfidia,
941 3411 1039 3481 super
1062 3389 1195 3460 domum
1228 3389 1351 3470 David,
1375 3401 1407 3457 ct
1430 3409 1532 3480 super·
1658 3400 1659 3435 ³

350 3477 414 3548 Sed
437 3482 471 3549 iu
495 3481 637 3550 ministra
660 3482 779 3573 gratiae
899 3495 906 3550 ἶ
942 3481 1135 3552 habitatores
1169 3483 1346 3551 Jerusalem
1378 3484 1531 3577 spiritum

308 3609 312 3620 ·
349 3573 413 3642 Vos
436 3577 570 3644 vertite
593 3575 684 3644 coelo
709 3577 803 3644 Deus.
936 3578 1072 3664 gratiae,
1097 3586 1129 3644 et
1151 3594 1292 3667 precum:
1316 3586 1349 3645 et
1373 3578 1534 3669 aspicient

303 3667 384 3738 Nam
406 3677 489 3758 quot
511 3671 641 3736 sacratis
664 3669 798 3737 artubus
944 3665 986 3735 ad
1011 3689 1079 3749 me,
1121 3690 1218 3758 quem
1256 3667 1467 3739 confixerunt
1492 3671 1535 3739 lit

351 3760 534 3852 Sculpsistis
559 3763 634 3828 olim
660 3763 802 3844 vulnera,
943 3760 1093 3852 plangent
1116 3785 1192 3830 eum
1214 3763 1347 3854 planctu
1370 3765 1461 3856 quasi
1477 3785 1534 3830 su·
1657 3766 1658 3771 ’

352 3853 376 3918 Ε
402 3863 447 3920 tot
470 3855 604 3924 reciusis
627 3853 768 3922 fontibus
943 3875 1001 3944 per
1024 3856 1231 3945 unigenitum,
1256 3867 1289 3926 et
1312 3856 1533 3927 dolebuntsu-

351 3947 441 4014 Dona
464 3946 599 4018 effluunt
621 3947 777 4016 caelestia.
939 3969 998 4040 per
1013 3969 1098 4029 eum,
1116 3960 1152 4016 ut
1166 3949 1268 4018 deteri
1283 3950 1365 4020 solet
1388 3952 1534 4019 inmorte

307 4037 412 4106 Clavi‘s
436 4041 547 4123 forato,
571 4053 604 4110 et
628 4043 760 4124 Lancea,
944 4040 1155 4132 Primogeniti.
1181 4042 1294 4114 indie
1316 4044 1530 4130 illamagnus

354 4134 441 4213 lesu,
465 4133 520 4202 tihi
545 4135 584 4202 sit
608 4135 719 4224 gloria,
946 4136 1006 4203 erit
1027 4136 1174 4226 planctus
1189 4140 1222 4204 in
1239 4137 1425 4218 ierusalem
1449 4135 1536 4214 sicut

353 4225 435 4294 Cum
459 4227 570 4310 Patre,
594 4240 627 4298 et
647 4227 732 4299 almo
756 4215 873 4321 Spiritu
945 4226 1092 4321 planctus
1122 4229 1326 4304 Adadremon
1347 4231 1383 4298 in
1416 4246 1535 4323 campo
1656 4310 1657 4325 χ
