3584 5034
744 633 872 702 sustu
896 632 991 703 llll}
1435 635 1482 701 89

251 755 300 816 cst
321 762 423 813 cornu
448 764 556 814 mcum
588 745 619 813 in
653 744 721 815 Deo
754 766 838 827 mco,
886 745 1077 829 lumborum,
1102 744 1228 837 absquo
1242 766 1292 817 ‘co
1314 744 1407 838 quod
1431 746 1480 813 in·-

249 841 328 933 quia
342 836 458 907 laetata
473 858 546 905 sum
571 838 603 907 in
625 838 754 907 salutari
770 850 838 908 tuo.
885 841 1043 909 trinsecus
1066 840 1151 909 latet.
1174 841 1266 908 Sicut
1281 840 1359 909 vitta
1373 840 1480 909 cocci·

397 958 399 967 ’
500 932 608 1001 Oratio
886 950 950 1001 nea
976 933 1060 1001 labia
1074 946 1140 1016 tua3
1157 944 1189 1003 ot
1207 934 1373 1024 eloquium
1389 943 1483 1001 tuum

250 978 489 1116 Omnipotens
512 1028 702 1117 sempiterne
735 1027 833 1110 Deus,
884 1026 991 1095 dulcet
1006 1028 1095 1096 Sicut
1112 1028 1255 1117 fragmen
1273 1027 1347 1094 mali
1360 1027 1479 1117 punici,

248 1119 305 1209 qui
329 1121 362 1184 in
387 1118 492 1187 Corde
507 1122 619 1188 Βθθῖθθ
636 1120 751 1187 Mariae
774 1122 843 1187 Vir·
889 1122 932 1187 ita
955 1144 1054 1211 genae
1079 1133 1163 1204 tuas,
1183 1120 1308 1210 absque
1334 1141 1374 1186 eo
1392 1120 1482 1209 quod

247 1213 332 1301 ginis
355 1210 487 1300 dignum
504 1214 639 1303 Spiritus
655 1216 763 1281 Sancti
780 1214 836 1281 ha·
866 1209 870 1219 ’
885 1215 1074 1283 intrinsecus
1100 1215 1185 1282 latet.
1200 1215 1292 1282 Sicut
1306 1214 1404 1280 turris
1421 1214 1484 1280 llo

249 1306 427 1373 bitaculunr
450 1308 671 1397 praeparasti,
699 1308 841 1376 concede
888 1308 943 1375 vid
966 1308 1087 1376 collum
1111 1318 1215 1384 tuum,
1250 1330 1334 1397 quae
1372 1305 1484 1373 aedili-

246 1400 405 1491 propitius
436 1412 474 1466 ut
502 1400 646 1487 ejusdem
678 1402 843 1468 Purissimi
891 1412 962 1468 cata
1000 1415 1051 1470 est
1090 1423 1166 1469 oum
1219 1399 1480 1492 propugnaculis:

128 1522 132 1529 ·
245 1492 361 1561 Cordis
385 1494 583 1561 festivitatem
600 1494 715 1561 devota
732 1504 837 1562 mente
886 1495 972 1562 mille
984 1495 1089 1588 clypei
1102 1494 1242 1584 pendent
1256 1515 1297 1562 ex
1311 1516 1360 1575 ea,
1379 1493 1483 1560 omnis

246 1587 434 1668 recolentes,
459 1585 637 1655 secundum
664 1590 727 1655 Cor
750 1600 842 1655 tuum
889 1597 1049 1657 armatura
1073 1589 1213 1675 fortium.
1230 1587 1410 1656 vulnerasti
1425 1606 1483 1653 cor

245 1680 355 1749 vivere
378 1681 631 1749 valeamusuer
655 1684 838 1749 Dominum.
888 1702 1005 1762 meum,
1030 1684 1130 1750 Soror
1154 1703 1226 1749 mea
1249 1682 1384 1772 Sponsa,
1411 1680 1483 1747 vul-

297 1776 414 1844 Gomnr.
438 1773 633 1843 Dominicce.
890 1774 1008 1841 ncrasti
1041 1796 1221 1843 cormeum
1240 1776 1270 1841 in
1287 1795 1353 1842 uno
1370 1773 1484 1844 oculo-

388 1868 443 1933 AD
468 1868 709 1938 MATUllNUM
891 1890 963 1935 rum
990 1878 1131 1949 tuorum,
1156 1871 1188 1935 in
1212 1890 1279 1936 uno
1302 1869 1390 1936 crine
1406 1866 1485 1935 colli

296 1959 422 2029 Incitat.
445 1966 514 2029 Ave
539 1961 635 2030 Maria
651 1963 751 2052 gratia
774 1961 844 2054 ple·
891 1962 947 2027 tui.
973 1963 1079 2032 Farus
1103 1962 1258 2032 distillans
1296 1960 1380 2028 labia
1414 1971 1482 2034 tua.

248 2074 291 2121 na
313 2051 335 2095 *
361 2056 517 2121 Dominus
541 2065 659 2123 tecum.
892 2056 1028 2145 Sponsa,
1054 2055 1117 2124 mel
1143 2066 1175 2123 et
1198 2057 1247 2122 lac
1270 2054 1333 2123 sub
1372 2055 1505 2143 lingua·

295 2148 838 2219 Psatmuslenttasxulremuslto-
886 2160 952 2215 tua
978 2148 1098 2218 llortus
1122 2149 1308 2229 conclusus,
1332 2148 1405 2216 lons
1439 2150 1482 2215 si

248 2242 351 2307 mino.
676 2244 682 2257 ’
892 2253 1017 2331 gnatus.
1212 2273 1214 2277 >
1351 2292 1355 2299 -
1415 2294 1418 2299 .

294 2334 448 2423 Hymnus.
472 2334 574 2415 Quem
600 2344 693 2418 terra,
709 2348 838 2429 pontus,
935 2344 967 2419 ri.
992 2336 1104 2405 Beduc
1126 2356 1189 2417 me,
1220 2337 1366 2417 Domina,
1382 2335 1415 2401 in
1431 2336 1483 2401 via

245 2425 354 2495 sidera
377 2436 437 2495 etc.
892 2439 958 2510 tua,
975 2442 1018 2499 ¹et
1042 2429 1199 2519 ingrediar
1222 2432 1256 2496 in
1271 2433 1403 2498 venete
1418 2440 1482 2497 tua·

375 2520 419 2587 IN
445 2518 468 2589 1.
493 2520 719 2593 NOCTURNO
888 2522 1026 2591 laetetur
1049 2544 1107 2590 cor
1132 2544 1240 2591 mcum
1256 2525 1278 2566 *
1303 2524 1346 2591 Ut
1372 2526 1485 2593 timeat

295 2615 365 2683 Ant.
390 2614 562 2683 Benedicta
585 2613 620 2683 tu
651 2620 733 2684 inter
769 2640 841 2685 mu·
890 2635 1007 2684 nomen
1030 2626 1135 2683 tuum.

246 2705 351 2787 lieres,
368 2718 400 2776 et
416 2706 604 2777 benedictus
621 2712 745 2780 fructus
768 2732 846 2780 ven·
941 2708 970 2776 l.
996 2710 1083 2775 Pone
1121 2728 1173 2774 me
1207 2715 1245 2775 ut
1280 2706 1483 2795 signaculum

248 2801 304 2869 tris
328 2802 384 2868 tui.
889 2822 988 2891 super
1010 2820 1068 2869 cor
1091 2810 1194 2881 tuum,
1218 2809 1255 2867 ut
1281 2800 1482 2888 signaculum

297 2892 423 2962 Psalmi
443 2904 479 2963 ut
501 2892 537 2961 ιἰι
562 2896 671 2985 Officio
683 2898 840 2987 parson
888 2916 987 2986 super
1003 2893 1170 2961 brachium
1184 2905 1290 2961 tuum.
1307 2894 1348 2964 Ut
1364 2893 1479 2962 timeat

248 2985 387 3057 Mariae.
1044 2990 1118 3057 Lcct
1141 3007 1175 3053 ιι.
1273 2989 1349 3077 sap.
1374 2989 1405 3053 5.

294 3080 365 3148 Ant.
389 3080 429 3148 lit
453 3080 504 3147 nit
527 3081 634 3149 liaris:
663 3081 846 3173 Magnificat
891 3030 1006 3151 Veni
1028 3083 1063 3148 in
1087 3081 1216 3149 hortum
1240 3102 1349 3149 mcum
1382 3081 1482 3148 Soror

246 3174 354 3241 anima
377 3196 449 3243 mea
471 3175 653 3258 Dominum,
671 3187 704 3245 et
719 3179 840 3247 exulta·
887 3198 958 3249 mea
993 3176 1131 3269 Sponsa:
1176 3175 1295 3243 messui
1341 3194 1484 3267 myrram

247 3269 294 3335 vit
316 3269 447 3361 spiritus
471 3280 562 3338 meus
586 3270 620 3337 in
646 3272 714 3341 Deo
752 3272 839 3341 salu-
887 3292 992 3342 meam
1008 3286 1012 3291 ·
1031 3290 1107 3337 cum
1147 3266 1347 3335 aromatibus
1393 3267 1481 3335 meis:
1511 3346 1516 3355 ‚

246 3362 306 3428 tari
331 3382 415 3433 meo·
889 3362 1015 3435 comedi
1041 3363 1151 3429 savum
1174 3382 1249 3429 cum
1278 3360 1372 3429 melle
1401 3380 1483 3443 meo.

292 3456 363 3525 Ant.
380 3457 462 3537 Quia
477 3459 615 3549 respexit
631 3456 840 3527 humilitatem
887 3461 958 3529 Vox
980 3454 1086 3523 dilecti
1111 3455 1173 3523 mei
1195 3452 1361 3545 pulsantis:
1392 3458 1484 3546 aperi

244 3548 381 3617 ancillas
404 3570 492 3619 suae:
515 3571 592 3621 eccs
616 3554 700 3622 cuim
715 3574 755 3621 ex
774 3553 839 3622 hoc
889 3550 965 3621 mihi
990 3568 1083 3616 soror
1106 3568 1178 3617 rnea
1201 3549 1306 3615 amica
1329 3570 1411 3629 mea,
1427 3565 1484 3617 co-

245 3638 373 3707 beatam
399 3662 450 3712 ιιιθ
474 3642 581 3713 dicant
605 3666 718 3715 omues
748 3668 846 3737 gene·
892 3643 1005 3713 lumba
1044 3662 1125 3723 mea,
1165 3641 1367 3710 immaculata
1402 3662 1483 3721 mea,

247 3732 401 3802 rationes.
890 3740 968 3830 quia
990 3744 1089 3829 caput
1127 3756 1235 3804 meum
1274 3735 1405 3829 plenum
1435 3743 1485 3802 est

294 3830 327 3903 ι).
353 3830 470 3894 Anima
490 3850 564 3904 moa
586 3831 761 3921 liquefacta
783 3840 839 3899 est:
886 3839 1020 3900 roreet
1041 3829 1179 3897 cincinni
1203 3832 1268 3897 mei
1297 3829 1394 3916 guttis
1425 3849 1484 3896 ne

295 3916 329 3993 ll.
354 3919 395 3989 Ul
420 3919 547 3991 locutus
571 3934 619 3992 est
643 3922 788 3992 dilectus.
888 3927 998 3995 otium.
1024 3923 1152 3991 Surrexi
1178 3932 1215 3989 ut
1243 3924 1399 4013 aperirem
1434 3921 1484 3989 di·

318 4014 367 4082 Dc
391 4013 527 4083 Canticis
557 4016 771 4086 canticorum.
888 4020 971 4088 lecto
997 4036 1080 4097 meo,
1104 4038 1226 4083 >nunus
1255 4035 1346 4083 meae
1385 4018 1484 4087 stilla‘-

404 4109 533 4176 dect-1.
629 4112 705 4201 Gap.
730 4113 761 4178 l.
891 4122 1008 4180 verunt
1031 4108 1204 4202 myrrham,
1231 4119 1264 4177 et
1300 4108 1390 4199 digiti
1420 4113 1483 4183 mei

251 4150 385 4291 Quam
408 4200 544 4293 pulchra
567 4223 612 4286 cs,
626 4266 627 4276 ,
639 4206 740 4273 amca
756 4228 837 4288 mea,
887 4206 972 4297 pleni
1001 4202 1132 4297 myrrha
1148 4202 1381 4295 probatissima.
1399 4210 1483 4300 Aps-

249 4312 348 4386 quam
371 4295 507 4389 pulchra
530 4299 589 4368 es!
615 4299 700 4369 oculi
724 4303 770 4370 tui
785 4320 841 4371 oo·
889 4300 941 4369 rui
963 4298 1082 4369 dilecto
1104 4312 1189 4383 meo,
1215 4307 1249 4369 at
1273 4297 1327 4369 ille
1342 4298 1483 4373 declina-
