3584 5034
130 268 227 303 ⁷·-*,-“·
622 268 747 274 *⁷*--***
958 270 965 272 -
987 270 989 272 ·
1014 268 1663 323 -wnjwWW-zffim
1648 285 1664 294 ,.

193 392 195 395 “
436 374 442 383 ¹
907 400 916 417 ο

188 454 200 478 0
345 442 368 494 Ἰ
847 492 851 503 Ι
1294 466 1297 471 .

187 512 194 526 0
421 504 428 517 0
1246 502 1256 521 Ι

902 533 910 547 ⁸

173 571 182 582 ¹
210 580 212 586 ι
363 571 368 583 “
395 577 401 591 ο

276 666 283 687 ,
317 700 321 708 ι

750 687 877 770 susm
901 688 1010 790 tenu
1296 740 1301 752 .
1425 693 1491 761 ros

294 802 331 873 ln
354 802 429 885 Viro
458 800 574 871 Sancto
608 798 762 892 populum
802 820 857 870 co
904 801 981 883 lutis
992 796 1169 891 perducere
1183 799 1351 889 satagebat
1381 801 1494 874 Plures

342 897 458 965 lentem
909 894 1057 965 omnibus
1080 892 1203 984 llagitiis
1219 894 1382 972 immersos
1404 918 1423 965 e
1446 898 1493 966 vi·

229 1067 231 1075 ¹
433 986 540 1057 Redde
562 986 832 1069 beatumdmen.
911 988 1027 1054 tiomm
1050 1007 1161 1069 coeno,
1188 986 1227 1055 ad
1259 987 1397 1076 justitiae
1431 1000 1494 1058 tra-
1603 982 1611 999 ’

316 1079 345 1148 rl.
372 1082 522 1149 Precibus
542 1092 577 1149 et
601 1081 718 1148 meritis
754 1080 860 1149 Sancti
908 1081 1019 1147 mitem·
1033 1082 1202 1162 revocavit,
1229 1083 1416 1171 cunctisque
1438 1105 1494 1173 pe·

269 1173 449 1267 Presbyteri
475 1177 645 1241 Fortunati.
905 1172 1119 1241 ne'lidelibus
1142 1172 1181 1240 ad
1207 1173 1331 1255 Christi,
1362 1176 1493 1243 Sancte·

310 1276 341 1335 rt.
368 1269 524 1359 Propitius
541 1276 618 1349 esto,
638 1268 780 1349 Domine,
797 1266 871 1357 pu?
905 1286 1043 1355 rumque
1066 1266 1215 1335 sectanda
1239 1269 1369 1357 vestigia
1401 1269 1495 1336 lervi-

232 1408 239 1423 .
270 1360 349 1451 pulo
373 1372 438 1429 tuo.
908 1358 957 1428 dis
982 1360 1185 1428 hortamentis
1231 1362 1335 1429 calcar
1374 1360 1495 1451 adjecit.

435 1456 484 1521 Ad
507 1452 700 1542 Mopoifiuat.
895 1453 1092 1533 ,Precationi
1118 1476 1156 1522 ao
1180 1454 1362 1523 coelestium
1387 1477 1494 1525 rerum

226 1564 241 1633 ζ
317 1546 494 1637 Antipho
535 1548 631 1633 mira„
651 1545 858 1615 Sacerdotum
906 1546 1162 1638 contemplationi
1186 1570 1311 1637 semper
1340 1550 1492 1629 intentus,

270 1638 381 1725 gloria,
406 1640 583 1707 lnlerorum
602 1630 785 1718 debellator,
803 1640 858 1730 qui
908 1638 948 1707 de
971 1662 1007 1707 se
1024 1641 1160 1709 demisse
1175 1642 1322 1723 sentiens,
1340 1642 1493 1730 insignem

270 1734 373 1803 caenis
390 1734 509 1813 lumen,
525 1734 662 1823 leprosis
673 1732 859 1800 munditiam
907 1734 1123 1822 praeseferens
1145 1736 1339 1822 gravitatem,
1379 1746 1415 1802 ut
1455 1733 1492 1800 li-

269 1817 415 1908 rrtbhtsri,
442 1838 476 1892 tu
502 1847 560 1893 nos
584 1826 740 1907 dolende,
781 1829 856 1917 quia
900 1825 991 1892 'deles
1015 1826 1175 1895 haurirent
1197 1827 1497 1917 aquas-ingaudio

268 1929 390 2005 tantum
431 1919 539 1999 vales'3
585 1931 619 1988 tu
658 1940 717 1987 nos
757 1920 859 1988 exalta
906 1917 947 1985 de
983 1918 1123 1986 lontibus
1163 1921 1343 2003 Salvatoris,
1378 1924 1494 2003 ,ebrum

158 2060 163 2069 .
269 2014 433 2082 concussis
457 2012 615 2080 hostibus.
910 2010 1095 2102 excipiebat.
1109 2014 1334 2095 confessiones,
1373 2024 1421 2081 et·
1442 2035 1495 2081 ea·

425 2108 426 2113 ’
467 2119 479 2141 ·
515 2106 625 2173 Oratio
907 2125 994 2172 cram
1019 2104 1268 2173 Eucharistiam·
1286 2108 1325 2174 ils
1362 2103 1497 2175 sedulus

268 2152 477 2287 Deus‚‘qui
503 2200 589 2265 Beati
609 2198 769 2267 Fortunati
794 2200 858 2266 sin·
906 2196 1111 2266 ministrabat
1132 2199 1377 2287 AEgrotantihus,
1419 2222 1494 2267 cnm

268 2290 411 2377 gularem
443 2292 523 2357 vitae
554 2293 762 2359 innocentiam
799 2284 854 2383 pal
902 2291 996 2358 instat
1018 2293 1159 2358 omnium
1184 2294 1341 2360 teterrima
1374 2314 1496 2383 pugne,

267 2382 330 2449 laur
357 2383 586 2464 demonstrasti,
611 2386 745 2475 ejusque
784 2406 858 2475 pro·
905 2395 937 2451 et
953 2395 1158 2451 tartarearum
1176 2398 1364 2475 potestatum
1388 2385 1495 2453 redin-

267 2479 386 2543 ximum
430 2476 469 2543 ad
511 2480 650 2567 Superos
690 2499 857 2547 ascensum
907 2487 1069 2565 tegrantur
1093 2480 1250 2558 incursus,
1275 2478 1413 2547 interdiu
1436 2499 1496 2545 no-

268 2568 449 2638 mirahiliter
472 2573 714 2661 praenunciasti3
739 2592 851 2638 conoe·
903 2581 1024 2658 ctuque
1048 2582 1173 2657 praesto
1212 2572 1331 2650 aderat,
1372 2592 1494 2660 eosque

266 2661 307 2750 de
331 2664 495 2752 propitium
522 2676 557 2731 ut
597 2667 664 2753 ejus
705 2666 856 2731 virtutum
904 2664 1113 2728 Sacramentis
1139 2661 1318 2741 roboratos,
1357 2684 1396 2729 ac
1435 2685 1494 2753 spe

266 2754 438 2839 imitatores
463 2754 573 2836 effecti,
595 2758 762 2847 participes
784 2754 852 2823 effi·
900 2754 1057 2834 firmatos,¹
1084 2754 1125 2821 ad
1154 2758 1369 2824 aeternitatem
1393 2766 1496 2823 trans·

266 2848 391 2913 ciemur
408 2859 439 2914 et
455 2846 582 2935 gloriae.
601 2852 660 2917 Per
686 2850 855 2916 Dominum
906 2847 1057 2919 mittebat.
1088 2929 1091 2932 Ι

246 2951 412 3012 „nostrum
438 2951 496 3006 etc.
585 3010 592 3026 ,
949 2940 1191 3024 phocarum.

401 3033 456 3099 AD
481 3032 718 3104 MATUTINUll
1091 3076 1103 3101 ·
1128 3034 1233 3104 Lectio
1257 3056 1286 3101 v.

315 3125 469 3215 Hymnus.
495 3126 573 3199 Vota
598 3129 743 3209 Patrono,
768 3140 800 3197 ut
824 3126 858 3194 iu
905 3078 1060 3197 Euolet
1083 3128 1113 3196 in
1136 3149 1175 3197 eo
1199 3128 1396 3220 potissimum
1413 3129 1494 3195 mira

272 3220 284 3283 l
321 3222 409 3308 Vesp.
902 3231 979 3311 erga
1012 3224 1174 3314 proximos
1214 3222 1369 3302 charitas,
1409 3242 1495 3312 quae

323 3394 326 3403 Ι
393 3310 436 3379 lN
460 3314 485 3379 l.
509 3314 732 3383 NOCTURNO
902 3316 994 3403 juxta
1017 3314 1206 3406 Apostolum
1230 3326 1279 3383 est
1312 3314 1400 3405 legis
1427 3313 1497 3407 ple-

336 3406 419 3473 bect.
444 3408 482 3475 dc
507 3407 613 3496 Scrr'p.
637 3420 787 3477 occuram.
905 3408 1030 3488 nitudo,
1053 3420 1085 3475 et
1107 3406 1309 3498 perfectionis
1332 3410 1497 3493 vinculum

383 3498 739 3571 1N11.Noct¹tttttt0
876 3512 879 3518 '
907 3501 1043 3589 ejusque
1065 3502 1237 3592 praecipua
1268 3500 1369 3571 deuo
1401 3524 1496 3591 argn-

483 3592 588 3661 Lectr'o
610 3614 652 3661 rr.
908 3607 1013 3662 menta
1035 3595 1153 3684 egenis,
1191 3595 1350 3687 orphanis,
1389 3595 1497 3662 viduis

268 3634 491 3757 Fortunatus
532 3686 715 3754 Turritanae
746 3686 864 3755 ,Eccle
910 3707 951 3753 ac
972 3687 1322 3778 peregrinisnherrimc
1339 3686 1499 3779 opitulan-

190 3824 192 3831 ι
270 3774 337 3843 siae
361 3778 394 3842 in
419 3778 562 3859 Dioeuesi
587 3781 746 3869 Spoletina
786 3782 860 3847 Pre-
909 3779 961 3847 do.
986 3782 1028 3853 Ut
1050 3783 1090 3851 jis
1112 3786 1274 3875 suppetiae
1291 3783 1396 3860 ferror,
1414 3800 1497 3845 oum

244 3868 382 3960 ‘sbyter
410 3872 619 3960 conspicuum
643 3870 775 3940 eximiae
799 3872 862 3939 vir·
909 3872 1027 3964 opibus
1053 3878 1182 3943 minlme
1216 3873 1369 3957 afflueret,
1406 3871 1497 3960 quod
1636 3950 1640 3957 Ι

209 4038 217 4055 ,
271 3963 357 4042 tutis,
375 3981 420 4031 ac
437 3964 616 4031 sanctitatis
632 3965 792 4055 specimen
806 3986 864 4057 po·
911 3967 1310 4036 eSacerdotalihuscurls
1332 3976 1532 4055 supererat·
1603 3981 1606 3987 '

268 4050 354 4145 pulis
369 4054 490 4213 p'ugiter
514 4056 663 4125 exhibuit.
692 4058 770 4125 Cum
812 4056 857 4125 ibi
905 4062 1066 4148 temporis,
1094 4061 1195 4146 agello
1213 4057 1495 4126 naviterexcolen-

220 4156 230 4173 ’
271 4149 366 4215 Sacer
391 4149 463 4215 utali
482 4167 612 4217 munere
629 4150 860 4239 religiosissime
906 4152 959 4229 du,
985 4154 1150 4221 tribuebat.
1175 4156 1256 4219 Dum
1289 4164 1402 4219 terram
1437 4150 1494 4217 ali·

269 4240 464 4330 fungeretur,
506 4243 604 4311 verbo
643 4255 674 4312 et
713 4246 857 4334 exemplo
905 4247 1034 4335 quondo
1088 4246 1231 4328 luderet,
1275 4258 1348 4313 ante
1388 4246 1494 4335 ipsum

272 4335 409 4427 pupulos
424 4358 569 4435 pascere,
592 4350 623 4408 et
645 4339 677 4408 iu
701 4339 783 4407 ulem
805 4359 856 4406 sa·
905 4339 988 4407 stetit
1011 4339 1153 4429 quidam,
1199 4340 1347 4432 pauperis
1385 4336 1498 4407 alieui-
