3584 5034
326 629 370 693 92
817 628 946 697 busta
969 624 1063 694 llbll
1110 683 1114 691 .

372 738 498 830 Arripit.
508 740 656 833 Suscepit
666 740 763 809 lsrael
775 762 919 833 puerum
964 737 1113 821 lectione,
1152 740 1245 832 quasi
1279 737 1357 809 nihil
1404 737 1558 835 despiciet

321 853 429 913 surra,
451 832 639 903 recordatus
674 832 911 904 misericordiae
957 848 1041 901 eam.
1063 832 1187 923 Neque.
1329 869 1333 878 ·
1547 871 1549 874 ·

324 946 412 995 suae.
482 956 516 993 μ
656 938 692 995 “;.
869 982 892 995 .,
1060 970 1111 987 .·
1168 927 1371 1001 Iaeotiovm.

368 1022 397 1085 i.
422 1018 489 1107 Ego
514 1018 631 1089 dilecto
653 1041 735 1089 meo:
758 1020 792 1095 d.
816 1022 856 1087 Et
872 1016 914 1087 ad
965 976 1142 1088 Horum·
1160 1019 1288 1087 Domini
1313 1020 1486 1093 verborum
1523 1034 1557 1092 et

256 1196 257 1199 Ἴ
322 1134 374 1182 me
397 1116 566 1182 conversio
589 1116 669 1203 ejus.
961 1128 1106 1185 actorum
1140 1112 1343 1183 meditatione
1373 1115 1488 1184 diurna
1525 1128 1558 1185 et

368 1205 474 1274 Lectio
491 1208 596 1275 Sancti
622 1207 785 1295 Evangelii
801 1226 917 1275 secun·
964 1222 1143 1281 nocturna,
1167 1208 1370 1298 importunos
1416 1209 1557 1277 inanium

321 1296 555 1369 dumLucam.
961 1302 1211 1390 nocentiumque
1245 1303 1473 1390 cogitationum
1510 1325 1560 1371 re-

413 1453 417 1461 .
450 1396 532 1465 lect.
557 1414 610 1461 vu.
711 1395 790 1482 Cup.
809 1394 841 1461 2.
956 1394 1290 1489 petranustnoursus:
1308 1394 1428 1462 borum·
1446 1396 1558 1465 crebra

328 1436 378 1553 'u
395 1484 612 1578 illotempore:
629 1486 705 1553 diruit
722 1487 820 1555 Mater
836 1490 914 1555 lesu
962 1491 1132 1559 collatione
1148 1499 1181 1556 et
1202 1499 1306 1557 uoset
1320 1490 1484 1579 proximos
1501 1509 1557 1557 no·

320 1576 487 1660 adinum,
514 1580 922 1669 Filiquidleoistinobis
969 1596 1053 1651 stros
1077 1578 1228 1647 alabulis
1266 1584 1486 1672 supervacuis,
1527 1593 1559 1651 et
1655 1589 1656 1648 l

321 1671 367 1740 sic
392 1670 410 1737 ‘l
433 1676 517 1742 llcce
541 1676 632 1741 Pater
665 1684 741 1741 tuus
780 1684 812 1741 et
850 1695 911 1762 ego
959 1676 1043 1743 male
1093 1671 1268 1743 dulcoratis
1321 1672 1556 1743 detractionum
1655 1713 1656 1734 ι

322 1764 466 1834 dolentes
493 1764 738 1859 ·.quaerubaruus
778 1778 817 1835 tc.
863 1769 914 1836 br
959 1767 1131 1859 colloquiis
1146 1766 1310 1855 castigare,
1331 1777 1428 1855 atque
1450 1767 1492 1835 ad
1509 1768 1558 1834 di·
1655 1811 1656 1854 ἦ

323 1859 455 1950 reliqua.
489 1894 492 1901 ·
962 1862 1055 1929 rinae
1075 1860 1295 1949 'frequentiam
1311 1858 1420 1927 laudis
1438 1870 1559 1929 accen-

250 1995 253 2005 =
299 2006 306 2019 .
369 1954 417 2021 De
442 1954 579 2023 Humilia
603 1956 678 2022 teu
703 1950 808 2022 lledae
840 1954 916 2023 l're·
962 1953 1039 2022 dere
1054 1974 1217 2023 curemus.
1238 1951 1261 1994 *
1285 1952 1318 2021 Si
1336 1953 1419 2021 euim
1443 1952 1557 2021 iratres

320 2044 451 2139 sbyteri.
832 2098 835 2105 -
899 2095 902 2101 ,
958 2048 1131 2126 corisum,
1155 2048 1190 2113 in
1221 2046 1322 2114 luturi
1361 2045 1560 2115 beatitudine

369 2143 407 2208 ln
447 2139 564 2210 Honu'l.
611 2142 722 2229 Hyem.
762 2138 799 2206 da
826 2149 918 2230 temp.
962 2140 1084 2209 saeculi
1108 2139 1251 2209 babitare
1274 2141 1306 2207 in
1322 2139 1420 2209 domo
1448 2140 1560 2209 Douri-

420 2267 422 2271 ·
461 2237 551 2302 Dum.
576 2233 602 2300 d.
621 2244 693 2321 post
717 2230 829 2321 aptat.
963 2236 1007 2316 ni,
1033 2250 1072 2303 ac
1111 2245 1268 2325 perpetuo
1293 2232 1387 2301 illurn
1425 2230 1559 2301 laudaro

325 2362 360 2385 ι.
392 2335 460 2395 ater
480 2328 562 2415 ejus,
581 2327 685 2416 inquit
701 2324 913 2413 Evangelista,
961 2327 1192 2407 desideramus,
1214 2338 1338 2417 oportet
1357 2327 1508 2393 nirnirum
1524 2338 1559 2394 et

321 2418 532 2489 conservabat
547 2422 652 2489 omnia
669 2417 767 2488 'verba
782 2419 860 2487 haec
880 2422 912 2486 in
956 2421 992 2488 iu
1017 2421 1079 2489 boo
1103 2421 1244 2499 saeculo,
1269 2417 1358 2507 quod
1383 2420 1415 2485 in
1429 2453 1433 2457 ·
1446 2418 1557 2489 futuro

322 2512 426 2585 Cordo
448 2535 518 2583 suo.
544 2515 660 2582 Omnia
683 2534 767 2605 quae
793 2511 912 2582 dello·
958 2534 1164 2603 quaeramus,
1204 2510 1342 2581 sollioite
1386 2528 1556 2601 praemon·

320 2603 753 2686 minovolaDOminodiota,
767 2608 914 2675 sireacta
958 2618 1107 2673 strennus:
1140 2603 1372 2695 bequenteudo
1407 2604 1557 2675 videlicet

320 2699 923 2791 cognoveratblaterl'irgo,diligentius
963 2698 1125 2767 Ecclesiae
1145 2697 1266 2779 limina,
1304 2709 1336 2766 et
1357 2718 1424 2765 nou
1445 2700 1555 2767 sulum

318 2793 911 2875 incudomunebarsoltioiuouueu
959 2792 1057 2885 inea
1078 2789 1193 2860 laudes
1232 2791 1357 2859 Domini
1398 2793 1554 2874 canendo,

321 2890 492 2955 memoriae
506 2885 760 2967 commendabat,
778 2899 815 2955 ut
837 2904 913 2954 oum
958 2884 1019 2955 sed
1042 2895 1074 2955 et
1098 2886 1130 2953 in
1153 2885 1240 2955 omui
1265 2885 1340 2955 loco
1366 2884 1555 2953 dominatio·

319 2980 450 3047 domum
496 2990 622 3069 tempus
667 2977 912 3067 praedicandae,
959 2981 1012 3049 uis
1052 2980 1122 3069 ejus
1141 3000 1194 3060 ea,
1232 2998 1318 3068 quae
1343 2977 1387 3047 ud
1426 2978 1557 3047 laudern

319 3074 387 3140 sive
401 3069 588 3140 scribendae
606 3070 827 3139 incarnationis
842 3072 913 3159 ejus
958 3073 1161 3161 gloriamque
1176 3072 1351 3140 conditoris
1366 3072 1463 3141 nostri
1480 3092 1558 3159 pro—

319 3165 496 3245 adveniret,
530 3163 723 3233 sufficienter
752 3164 914 3243 universa,
961 3162 1082 3244 liciam,
1107 3163 1214 3235 verbis
1235 3166 1360 3256 ‘pariter
1382 3178 1421 3231 ao
1460 3163 1556 3233 lactis

328 3269 424 3349 prout
446 3269 553 3328 essent
583 3268 681 3349 gesta,
713 3264 825 3348 posset
864 3274 919 3322 ex·
966 3255 1176 3327 oebndendo.

324 3352 443 3442 plicare
477 3350 715 3442 quaerentibus.
751 3349 917 3417 Imitemur
1010 3351 1042 3424 ti.
1080 3349 1215 3441 Spiritus
1240 3370 1332 3417 meus
1355 3370 1455 3440 super
1492 3351 1556 3419 mel

323 3455 355 3512 et
379 3465 448 3525 nos,
475 3448 600 3515 Fratres
616 3445 688 3524 mei,
705 3443 788 3533 piam
806 3443 916 3510 Domi·
961 3441 1067 3521 duleis
1090 3454 1122 3511 et
1145 3440 1322 3511 haereditas
1363 3462 1436 3512 moa
1457 3467 1557 3537 super

323 3539 354 3605 ni
380 3538 521 3619 llatrern,
546 3540 603 3630 ipsi
635 3556 768 3628 quoque
806 3538 916 3609 omnia
960 3538 1024 3604 mel
1065 3546 1097 3603 et
1138 3534 1257 3602 lacum.
1285 3536 1349 3616 Qui
1373 3535 1466 3605 audit
1503 3559 1557 3605 me

325 3631 466 3703 verbaet
489 3631 571 3699 lacta
595 3630 720 3698 Domini
744 3652 782 3697 ao
806 3628 917 3697 Salva-
963 3649 1028 3698 non
1045 3626 1272 3697 contundetur.
1295 3631 1316 3671 *
1340 3628 1381 3697 Et
1427 3631 1460 3699 ui
1476 3650 1555 3722 ope

322 3728 403 3795 toris
426 3726 526 3795 nodri
549 3724 613 3793 lina
635 3725 668 3791 in
697 3721 796 3793 corde
831 3740 913 3791 cou-
962 3732 1075 3791 cantur
1097 3722 1129 3789 iu
1153 3744 1206 3789 rue
1228 3744 1294 3791 uon
1317 3742 1416 3814 pecca
1461 3736 1507 3791 nt.

324 3818 493 3889 servando.
1010 3822 1041 3889 i.
1065 3815 1128 3897 Qui
1163 3814 1328 3905 elucidant
1364 3839 1417 3887 me
1455 3819 1555 3886 vitam

370 3918 404 3990 ri.
426 3920 540 4005 Aquae
562 3912 684 3981 multae
707 3930 773 3979 nou
797 3918 912 4001 potue·
958 3919 1119 3978 aeternam
1143 3902 1317 3978 habebunt.
1341 3910 1382 3977 llt
1404 3910 1470 4001 qui.

325 4019 402 4077 runt
439 4009 624 4097 extinguere
662 4002 857 4075 charitatem:
896 4001 918 4047 *
1013 4002 1302 4072 cruentamur
1320 4003 1391 4100 φὶ

326 4100 440 4189 Neque
464 4098 596 4169 flumina
612 4097 751 4169 obruent
765 4119 847 4168 eam.
1174 4094 1281 4165 Lectio
1304 4116 1347 4164 rx,

371 4197 402 4261 i.
423 4194 459 4261 Si
488 4194 612 4264 dederit
649 4192 745 4261 borno
785 4210 914 4260 ornnem
1008 4192 1056 4260 De
1080 4188 1225 4259 Humilia
1239 4184 1425 4259 Domiorroe
1447 4211 1560 4261 ocem·

325 4284 533 4359 substantiam
557 4287 675 4358 domus
698 4307 777 4357 suae
792 4302 851 4380 pro
867 4282 917 4353 di·
964 4282 1074 4369 rantis,
1100 4284 1157 4357 red
1179 4281 1215 4353 εἰ
1235 4292 1329 4354 entra
1352 4280 1561 4359 Dominicom
