3584 5034
299 657 365 724 lbd
718 656 845 726 FESTA
875 650 1107 724 NOlllllllllllS
1287 726 1290 732 .

262 844 264 849 ι
346 785 349 795 ’
529 765 620 834 'Dect
637 780 708 832 rv.'
934 743 1149 854 Virginitatem
1188 762 1270 834 adeo
1291 763 1416 847 ··coluit‚
1475 778 1522 850 ut,

293 807 448 924 Paulus
470 855 600 936 Uvadae
625 859 657 926 iu
682 859 808 948 liguria
829 879 886 926 ua·
932 856 1069 949 repulsis
1083 857 1277 948 procacibus
1293 858 1439 928 foeminis
1454 862 1525 952 ejus

292 960 356 1018 tus·
369 971 409 1018 ex
431 948 538 1017 nobili'
551 971 671 1040 genere
703 953 884 1021 Danaorum
932 951 1148 1019 castimoniam
1171 952 1374 1035 tentantibus,
1391 975 1524 1024 suavem

294 1045 353 1134 qui
378 1051 468 1128 erant
505 1064 525 1110 a
558 1045 744 1114 dastellatio
783 1065 884 1137 prope
933 1049 1068 1134 quoque
1091 1041 1212 1113 efflaret
1235 1043 1378 1138 odorem,
1402 1058 1434 1116 et
1464 1045 1522 1115 ob-

293 1135 515 1205 Aleraudriam
527 1136 750 1219 Statiellorum,
763 1149 882 1231 quanta
932 1158 1070 1232 soceros
1093 1137 1228 1226 aliorum
1260 1158 1365 1207 moras
1382 1150 1528 1210 nosceret

291 1231 419 1298 iuturus
434 1243 518 1298 esset
532 1234 695 1301 sanctitate
716 1232 887 1324 conspicu-
933 1253 973 1298 ex
997 1232 1126 1300 foetore.
1151 1232 1193 1302 llt
1209 1275 1211 1282 ·
1230 1233 1391 1324 perlectus
1431 1234 1528 1302 homo
1572 1281 1576 1290 -

293 1345 333 1390 us
352 1325 419 1412 jam
444 1322 519 1392 inde
542 1346 582 1402 ex
604 1323 644 1394 e'o
667 1327 777 1418 patuit,
794 1325 883 1418 quod
930 1325 990 1392 Dei
1012 1323 1054 1391 ad
1079 1344 1174 1393 omne
1208 1345 1292 1415 opus
1331 1324 1452 1396 bonurn
1478 1328 1526 1394 iu·
1581 1383 1584 1392 ,

293 1427 398 1495 noctu>
414 1417 638 1508 mirolulgore
649 1421 798 1511 parientis
820 1439 889 1484 ma·
935 1428 1076 1487 structus
1100 1419 1190 1499 iuret,
1219 1418 1462 1492 humanioribus
1479 1421 1531 1489 lit-

293 1513 349 1577 tris
364 1509 753 1594 cubiculorucoruscarit.
770 1514 892 1581 Decen-
938 1512 1014 1583 teris
1033 1511 1218 1596 'Cremolini
1243 1515 1342 1581 sacris
1357 1513 1531 1604 disciplinis

293 1603 343 1670 nis
355 1602 563 1673 redeuntibus
574 1605 760 1697 parentibus
772 1605 891 1674 casnt-
938 1605 1059 1698 Romae
1073 1625 1202 1700 operam
1218 1604 1315 1676 dedit.
1332 1607 1533 1702 Oraodistu-

276 1696 405 1769 ,latium
422 1694 580 1776 venit3ubi
592 1696 729 1791 ‘Deipara
743 1699 839 1788 Virgo
853 1719 889 1767 a·
937 1697 997 1766 dio·
1016 1698 1399 1790 summopereaddictus,
1423 1711 1455 1770 ct
1476 1701 1532 1770 la-

292 1799 383 1880 perte
394 1789 540 1873 ostendit,
558 1813 655 1882 quam
669 1793 728 1861 sibi
741 1793 824 1862 foret
837 1813 891 1861 ac·
939 1811 1121 1886 crymaruru
1146 1813 1278 1860 munere
1306 1790 1434 1874 ditatus,
1474 1794 1534 1863 ho-

294 1892 417 1974 ceptus,
441 1905 550 1975 quum·
558 1885 696 1977 puerulo
715 1889 749 1954 in
773 1885 893 1955 llumeu
939 1889 1062 1954 minum
1085 1893 1226 1976 peccata,
1250 1905 1441 1976 erroresque
1463 1907 1533 1954 ser-

294 1975 427 2067 delapso
450 1977 617 2048 confestim
639 1979 751 2062 adfuit,
763 1991 796 2050 et
806 1978 891 2048 edu·
934 1988 1061 2072 peotes¹
1083 1997 1191 2045 aurare
1229 1974 1334 2060 flebat,
1381 1977 1529 2048 avulsam
1662 1961 1663 1986 ἱ

294 2069 340 2136 xit
362 2069 565 2140 incolumem.
589 2073 825 2160 Gratiae-<ergo
846 2095 886 2140 u·
934 2070 1078 2160 angliam
1110 2071 1304 2162 praesertim,
1335 2092 1395 2163 pro
1434 2073 1530 2160 cujus

292 2160 417 2232 bertate
453 2174 662 2255 praeventus,
706 2163 888 2256 puerilibus
933 2163 1038 2236 ruditu
1061 2161 1102 2230 ad
1126 2164 1289 2234 Ecclesiae
1311 2165 1418 2234 sinum
1434 2166 1530 2255 quiu-

293 2254 390 2338 ludis,
415 2257 602 2347 saeculique
629 2256 751 2326 deliciis
787 2257 885 2327 absti-
931 2259 1086 2350 quaginta
1108 2260 1200 2326 auum
1223 2258 1410 2350 etamplius
1427 2259 1530 2328 Deum

294 2352 373 2429 nuit,
410 2356 510 2438 atque
547 2371 650 2418 unum
689 2352 818 2432 lesum,
856 2361 890 2420 et
937 2351 1088 2422 exoravit.

294 2440 382 2509 huuc
403 2441 596 2533 crucifixum
611 2443 701 2512 cordi
715 2443 837 2532 habuit,
854 2453 889 2513 et
979 2447 1011 2521 Β.
1034 2445 1211 2518 Honestum
1235 2442 1310 2514 tecit
1333 2443 1434 2513 illum.
1484 2481 1486 2488 ι

294 2555 373 2626 prae
394 2533 518 2604 viribus
541 2537 681 2606 imitatus
703 2547 761 2607 est.
800 2539 893 2620 Qua:
1032 2579 1038 2594 ·
1180 2538 1262 2607 Lect.
1286 2556 1317 2606 v.

293 2638 425 2721 propter
446 2630 573 2722 corpori
596 2652 658 2700 suo
681 2631 801 2700 bellum
840 2631 889 2698 in·
935 2585 1190 2698 proximorum
1213 2630 1324 2700 salutis
1352 2652 1530 2702 succensus

293 2720 415 2806 diceus,
444 2725 552 2814 ipsum
582 2723 706 2814 vigiliis,
745 2725 885 2816 jejuniis,
933 2723 1003 2794 uelo
1016 2722 1169 2794 nondum
1194 2723 1346 2807 Clericus,
1364 2723 1438 2794 rudi
1458 2736 1527 2794 tau·

290 2813 403 2888 labore
425 2820 618 2899 extenuavit,
643 2819 766 2900 ciliciis,
801 2818 886 2886 aliis·
933 2828 1002 2887 tum
1025 2817 1134 2892 tonica
1157 2816 1300 2902 indutus,
1316 2817 1451 2888 coelitus
1467 2817 1527 2887 sibi

290 2929 357 2998 que
380 2908 484 2976 modis
507 2910 662 2992 cohibuit,
683 2911 818 3002 flagellis
840 2921 890 2979 at·
936 2909 1162 2992 demonstrata,
1202 2914 1278 2980 lesu
1317 2913 1407 2981 cruci
1444 2911 1528 2981 affixi

291 3001 387 3067 trivit.
411 3003 524 3093 Neque
538 3003 580 3070 ab
598 3007 724 3096 incepto
742 3027 886 3096 unquam
933 3006 1226 3085 commentatione,
1274 3003 1417 3096 fideique
1458 3029 1528 3100 my-

293 3092 422 3176 destitit;
446 3095 503 3164 sed
526 3096 665 3188 patiendi
690 3097 805 3166 ardore
821 3119 903 3180 ma-¹
935 3100 1038 3168 steriis
1063 3099 1157 3186 jussu
1182 3097 1331 3192 Episcopi
1365 3097 1528 3168 imbuebat

293 3189 399 3278 gis-iu
422 3186 491 3257 dies
529 3201 696 3271 aestuans,
736 3189 885 3259 dulcissi·
932 3193 966 3258 iu
1005 3193 1117 3283 patria¹
1144 3193 1304 3274 concives,
1349 3202 1381 3260 et
1419 3211 1528 3268 sacras

280 3300 385 3356 ‚mum
408 3301 525 3352 nomeu
549 3283 626 3354 Jes'u
664 3305 725 3356 suo
754 3281 887 3378 pectori
932 3283 1007 3352 alibi
1046 3282 1218 3374 peragebat
1247 3284 1431 3365 missiones,
1488 3305 1527 3353 ac

294 3374 418 3457 inussit,
460 3396 522 3468 pro
561 3400 629 3469 quo
669 3380 765 3446 vitam
791 3383 888 3447 ‘curn
934 3377 1108 3469 spiritualia
1131 3377 1296 3458 exercitia,
1323 3376 1470 3445 exultans
1492 3388 1530 3447 ut

294 3469 450 3558 sanguiue
472 3469 608 3542 fundere
632 3472 811 3564 exoptabat;
850 3492 890 3539 ac
935 3473 1023 3560 gigas
1046 3470 1088 3538 ad
1111 3469 1301 3539 currendam
1327 3470 1409 3538 dam
1426 3493 1528 3539 suam.

288 3562 423 3630 nomine
446 3562 582 3634 familias
606 3567 736 3656 reiecto,
751 3586 772 3632 a
787 3565 891 3632 Cruce
937 3568 995 3632 Ast
1017 3585 1057 3634 ex
1079 3561 1258 3632 obedientia
1285 3563 1469 3657 Presbyter
1493 3564 1529 3634 iu

296 3657 475 3749 nuncupari
513 3657 627 3728 exinde
657 3658 769 3727 voluit.
800 3654 887 3726 lllud
937 3655 1023 3727 llrbe
1046 3656 1088 3726 ab
1112 3658 1246 3747 ipsomet
1275 3657 1410 3726 Summo
1445 3657 1527 3728 Pou-
1659 3657 1660 3704 t

296 3749 392 3816 etiarn
429 3771 484 3842 en,
508 3762 610 3820 aetate
648 3749 901 3833 demirandam.
934 3749 1021 3820 tilica
1037 3748 1209 3821 Benedicto
1220 3749 1441 3822 decimotertio
1451 3770 1529 3822 con·

296 3840 386 3931 quod
409 3844 512 3934 patrui
536 3834 717 3914 haereditati
733 3845 888 3913 ouu‘cium
937 3854 1090 3926 sacratus,
1113 3846 1231 3913 mirum
1255 3865 1322 3936 quo
1354 3847 1460 3914 -auimi
1475 3867 1528 3914 ar·
1658 3841 1659 3844 ’

296 3935 647 4017 mmeritachouestum
655 3938 891 4006 matrimonium
938 3936 1028 4020 dore,
1053 3937 1148 4006 nullis
1171 3937 1341 4010 (lateratus
1365 3939 1526 4032 periculis,

297 4030 499 4097 recusaverit.
516 4031 889 4101 lisimmaculataevitae
914 4041 993 4100 *aut
1027 4031 1192 4101 laboribus
1214 4033 1333 4104 fractus
1357 4053 1462 4126 usque
1484 4031 1527 4099 ad

300 4119 515 4190 innocontiam
533 4124 676 4207 sociavit,
698 4123 789 4215 quod
811 4145 887 4218 per-
935 4135 1096 4210 senectam
1142 4123 1369 4195 demandatum
1401 4145 1528 4192 munus
1657 4143 1658 4158 ¹

297 4221 394 4302 petua
418 4235 572 4286 sensuum
594 4217 751 4301 custodia,
773 4228 807 4288 et
834 4217 886 4286 sui
920 4217 1022 4290 verbi
1062 4219 1118 4288 Dei
1159 4216 1361 4311 praedicandi
1415 4215 1527 4288 obiret.

298 4302 506 4394 abnegatione
560 4322 780 4404 consequutus
832 4322 888 4384 cot
937 4313 1010 4395 Quo
1034 4311 1154 4394 iactum
1175 4323 1224 4386 eet
1238 4323 1275 4384 ut
1295 4315 1524 4383 innumerosa
