3584 5034
322 625 387 693 tot
428 662 432 668 ·
765 622 890 691 FESTA
915 624 1092 696 AUGUSTI

320 731 523 803 domesticam
538 731 763 825 supellectilem
779 732 906 800 inalen-
1181 732 1250 799 Dlll
1275 734 1306 800 9.
1386 807 1389 812 ⁴

317 825 368 893 dis
391 825 540 895 famelicis
563 830 712 917 erogarit.
746 825 904 899 Omnibus
1057 828 1088 895 S.
1112 826 1312 893 AEMYGDll
1335 824 1370 891 Ε.
1394 824 1434 892 ll.

225 980 226 987 ,
317 919 422 987 omnia
445 919 556 1002 lactus,
580 920 838 1001 sanctimoniales
861 918 903 986 ad
1202 921 1283 1009 dupl.
1416 995 1418 998 ,

314 1012 534 1103 perfectiorem
560 1014 684 1081 vivendi
704 1014 834 1080 lormam
853 1034 903 1079 re·
1064 1016 1102 1081 In
1128 1011 1222 1083 Cr'ur't.
1248 1012 1331 1102 dnpl.
1348 1010 1422 1101 maj,

314 1104 426 1193 degit,
463 1126 606 1196 suaeque
647 1100 904 1195 Congrcgationis
1000 1108 1091 1174 Omn·
1114 1108 1152 1174 dr
1178 1108 1295 1175 Comae.
1316 1104 1412 1172 nnr'ns
1441 1104 1534 1172 Mart.

313 1198 495 1266 Monialium
522 1200 741 1267 llnnasterium
783 1198 900 1267 consti·
941 1212 1043 1290 praet.
1059 1211 1189 1290 sequent.

313 1291 468 1359 tuendum
492 1296 623 1360 curavit.
648 1294 838 1383 Episcopatu
855 1290 899 1356 ob
1197 1290 1306 1361 Oratio

311 1405 451 1471 graves,
495 1384 736 1474 habitualesque
773 1383 902 1473 morbos
952 1342 1075 1467 neus,
1100 1386 1156 1476 qui
1179 1384 1307 1454 beatum
1332 1381 1535 1474 AEmygdium

312 1475 454 1558 dimisso,
498 1477 538 1544 ad
577 1480 723 1545 alumnos
757 1497 844 1558 snos,
880 1498 899 1543 a
946 1489 1116 1571 martyrem
1141 1489 1244 1559 tuum,
1269 1490 1368 1568 atque
1409 1476 1535 1543 Pontili·
1659 1511 1660 1526 r

212 1610 214 1613 -
313 1568 431 1659 quibus
453 1592 575 1662 pauper
612 1571 810 1650 discesserat,
851 1591 896 1637 re·
947 1593 1016 1639 cem
1041 1571 1199 1639 idolorum
1225 1572 1364 1648 victoria,
1388 1580 1419 1636 ct
1443 1571 1536 1636 mira·
1659 1599 1660 1614 r

315 1662 446 1731 vertitur
468 1666 739 1754 pauper.Demum
756 1663 902 1753 quamvis
948 1666 1094 1732 culorum
1117 1666 1214 1751 gloria
1238 1664 1403 1731 decorasti:
1420 1683 1536 1730 conce-

314 1759 414 1837 sonio‚
454 1756 714 1847 laboribusque,
754 1757 904 1825 diuturna
950 1757 1179 1847 depropitius:
1202 1767 1299 1823 uteo
1324 1756 1535 1822 intervenien-

313 1847 489 1930 arthritide,
528 1850 663 1941 aliisque
708 1850 899 1939 gravissimis
945 1860 985 1929 te,
1012 1849 1166 1915 malorum
1196 1849 1363 1939 spirituum
1404 1846 1534 1915 fraudes

312 1940 432 2009 morbis
455 1943 574 2011 fractus
602 1964 745 2033 corpore,
786 1943 895 2031 spiritu
943 1944 1079 2019 vincere,
1103 1952 1135 2009 et
1157 1960 1327 2008 coruscare
1361 1938 1531 2019 virtutibus

314 2042 419 2102 tamen
457 2036 590 2103 alacrior
629 2035 670 2103 de
705 2034 909 2103 coelestibus.
944 2056 1131 2105 mereamur.
1155 2036 1213 2102 Per
1238 2034 1416 2099 Dominum.

311 2125 409 2195 rebus
448 2126 634 2208 disserendi,
658 2136 713 2193 aut
736 2126 894 2195 scribendi
1069 2128 1119 2198 lN¹
1138 2128 1162 2194 l.
1186 2126 1407 2194 NOCTURNO

311 2216 405 2287 linem
432 2243 595 2310 nunquam
620 2219 773 2301 adhibete
790 2220 893 2303 donec
990 2222 1070 2290 Lect.
1094 2222 1131 2288 da
1156 2220 1264 2311 script.
1280 2240 1401 2287 occorr.
1419 2216 1455 2285 in
1475 2214 1533 2287 (li-

310 2315 542 2400 nouagenarius
582 2312 720 2381 calendis
761 2315 897 2401 Augusti
943 2313 1000 2384 or't.
1024 2314 1183 2382 Allileto.
1304 2333 1308 2343 '

309 2424 394 2472 anno
425 2406 592 2474 millesimo
622 2407 896 2497 septingentesimo
1059 2407 1101 2473 lN
1127 2408 1168 2472 Il.
1190 2402 1412 2474 NOCTURNO

307 2499 503 2587 octogesimo
518 2501 694 2590 septimnN
698 2502 822 2568 neeriae
839 2501 897 2567 Pan
1174 2499 1260 2573 tert,
1282 2518 1322 2564 rr.

309 2610 463 2679 ganorum
489 2592 568 2661 inter
590 2612 721 2679 suorum
752 2593 897 2662 alumno·
946 2543 1178 2683 AEmygdius
1206 2612 1225 2657 e
1255 2589 1353 2658 nobili
1394 2591 1531 2655 Franco-

308 2705 381 2751 rum
406 2685 562 2777 lacrymas
579 2685 790 2776 placidissimc
806 2686 893 2775 expi-
940 2707 1011 2751 rum
1036 2685 1183 2774 prosapia
1198 2684 1333 2753 Treviris
1351 2692 1454 2761 natus,
1476 2703 1531 2748 an·

309 2778 399 2844 ravit.
421 2778 501 2847 Eum
533 2778 605 2847 inde
645 2779 822 2857 uirtutibus
864 2788 896 2846 et
941 2798 984 2845 no
1007 2779 1116 2845 aetatis
1141 2778 1394 2865 vigesimotertio‚
1418 2794 1532 2866 pareu-

307 2869 468 2937 miraculis
508 2872 628 2938 clarum
681 2874 753 2940 Pius
792 2873 892 2963 Septi·
938 2871 1025 2939 tibus
1049 2870 1222 2939 idololatris
1246 2872 1361 2939 frustra
1402 2869 1531 2936 obstan-

308 2982 381 3027 mus
429 2963 570 3029 Pontifex
610 2964 762 3031 Maximus
808 2987 892 3033 anno
941 2964 1035 3044 tibus,
1061 2964 1155 3031 fidem
1180 2966 1294 3032 Christi
1319 2964 1469 3052 suscepit,
1499 2970 1532 3027 et

307 3052 473 3124 millesimo
497 3055 753 3143 octingentesimo
770 3055 893 3127 decimo
941 3058 1193 3124 constantissime
1210 3058 1372 3147 professus
1383 3064 1438 3123 ost.
1449 3053 1532 3119 Cum

308 3156 397 3215 sexto
422 3148 587 3215 Beatorum
613 3148 709 3227 fastis,
740 3150 895 3238 novisque
942 3150 1044 3218 tribus
1067 3149 1231 3238 discipulis
1256 3150 1367 3239 duplo,
1400 3145 1531 3211 Germa·

307 3238 479 3327 fulgentem
514 3241 612 3328 signis
636 3240 806 3328 Gregorius
832 3244 892 3310 De
940 3265 992 3322 uo,
1016 3253 1047 3309 et
1086 3243 1250 3310 Valentino
1291 3243 1384 3307 vitam
1427 3235 1529 3304 duxit.

307 3332 409 3397 cimus
449 3334 579 3413 Sextus,
614 3334 643 3399 in
669 3336 761 3402 Festo
793 3336 890 3404 Sanc·
937 3336 1092 3403 Humanis
1124 3335 1236 3424 spretis
1275 3330 1527 3414 oblectamentis,

307 3423 444 3491 tissimao
492 3427 649 3493 Trinitatis
689 3449 772 3495 anno
813 3431 882 3496 mll-
930 3425 1028 3494 rebus
1053 3427 1170 3497 divitus
1195 3427 1321 3516 plenius
1363 3422 1529 3492 incumbe-

305 3516 416 3584 lesimo
441 3518 700 3607 octingentesimo
732 3522 891 3608 trigesimo
938 3517 1000 3583 bat:
1024 3540 1099 3606 erga
1123 3522 1301 3606 proximum
1326 3518 1462 3586 caritatis
1478 3538 1529 3585 ar·

304 3628 391 3677 nouo
425 3611 557 3678 solemni
601 3613 663 3679 ritu
702 3612 889 3680 Sanctorum
936 3609 1014 3680 dore
1036 3611 1211 3684 aestuabat.
1238 3611 1357 3681 idcirco
1382 3610 1423 3678 ad
1451 3630 1527 3703 pro-

303 3701 469 3791 cathalogo
491 3706 662 3771 accensuit.
935 3702 1108 3769 curandam
1165 3704 1337 3773 multorum
1393 3706 1527 3773 salutem

352 3800 384 3877 tl.
408 3796 472 3865 Iste
495 3806 544 3865 est
565 3807 623 3865 etc.
936 3796 1265 3866 Romamsecontulit.
1278 3800 1422 3891 Hospitio
1433 3817 1526 3866 exce-

418 3944 526 4014 INIH
553 3943 774 4014 NOCTURNO
935 3899 1010 3995 ptus
1035 3890 1065 3958 io
1090 3888 1192 3959 insula
1225 3892 1354 3975 Tiberis,
1396 3890 1527 3983 hospitis

530 3996 537 4012 ·
935 3980 1031 4048 liliam
1056 4004 1113 4073 per
1129 3986 1383 4076 quinquennium
1413 3990 1526 4052 imme-

350 4074 433 4145 Lcot.
455 4075 493 4145 dc
519 4076 635 4146 domm.
658 4075 806 4163 Eocnpel
827 4073 889 4143 De·
936 4074 1062 4143 dicabili
1088 4080 1200 4147 morbo
1227 4081 1429 4172 languentem
1466 4077 1525 4147 ba·

304 4165 439 4255 signavit
460 4168 625 4239 Dominus.
648 4174 703 4253 nd.
718 4168 756 4237 dc
780 4189 888 4237 comm.
934 4170 1053 4261 ptismo
1075 4174 1207 4241 sanavit.

306 4259 343 4331 G.
367 4258 482 4349 Pontis.
983 4268 1016 4343 d.
1034 4263 1209 4335 Honestum
1224 4277 1283 4336 etc.
