3584 5034
706 612 962 688 testatum
1380 614 1441 680 tlt

225 724 389 819 prudentia
401 747 461 795 sua
476 725 621 819 praediti,
636 728 816 797 nuntiantes
1095 728 1177 798 bert.
1194 746 1239 793 m.

226 823 255 886 in
273 819 433 911 prophetis
449 819 631 910 dignitatem
644 821 814 912 Propheta·
860 776 950 891 Seu
976 821 1021 889 illi
1038 824 1097 889 viri
1117 816 1357 890 misericordiae
1370 827 1447 888 sunt

227 934 307 993 rum,
331 924 363 981 et
387 914 576 1003 imperantes
600 918 632 981 in
663 936 811 1005 praesen·
857 937 998 1007 quorum
1023 916 1153 1006 pietates
1171 934 1235 981 nou
1266 910 1447 990 defuerunt

226 1006 247 1071 ti
271 1006 401 1097 populu,
425 1017 456 1074 et
480 1008 592 1076 virtute
625 1006 812 1099 prudentiae
859 1032 936 1077 cum
959 1010 1079 1078 semine
1115 1029 1227 1076 corum
1262 1014 1448 1096 permanent
1546 1067 1550 1077 ,

226 1100 350 1189 populis
389 1104 585 1169 sanctissima
629 1102 734 1168 verba.
772 1102 810 1167 ln
859 1102 954 1183 bona,
966 1182 970 1188 ff
980 1101 1155 1170 baereditas
1178 1109 1286 1167 sancta
1319 1107 1450 1187 nepotes

227 1192 337 1281 peritia
382 1214 442 1259 sua
490 1196 686 1284 requirentes
742 1215 811 1261 mo·
858 1216 982 1275 eorum,
1014 1208 1046 1261 et
1085 1196 1116 1261 in
1158 1193 1351 1261 testamentis
1367 1191 1452 1259 stetit

224 1284 282 1351 dos
306 1284 454 1366 muscos,
480 1297 511 1353 et
542 1298 703 1360 narrantes
741 1307 810 1354 oar·
857 1310 965 1355 semen
1004 1307 1126 1368 eorum,
1150 1297 1182 1355 et
1221 1285 1281 1352 filii
1327 1305 1450 1375 eorum,

224 1382 309 1445 nina
332 1384 569 1469 scripturarum.
857 1392 987 1471 propter
1010 1380 1083 1448 illos
1109 1400 1212 1469 usquc
1237 1381 1267 1445 iu
1285 1387 1450 1445 aeternum

248 1475 278 1546 il.
303 1471 385 1537 Ecce
403 1522 406 1527 .
422 1492 482 1538 evo
521 1473 609 1539 mitto
649 1492 707 1540 vos
723 1473 812 1540 sicut
859 1468 1334 1565 permane'ottsemeueorumet
1350 1470 1452 1557 gloria

224 1582 300 1631 oves
322 1564 364 1629 in
388 1524 492 1631 medio
531 1565 691 1657 luporum,
731 1565 807 1633 dicit
853 1586 966 1633 eorum
983 1566 1309 1655 nonderelinquetur.
1327 1564 1449 1653 Corpo-

225 1656 388 1723 Dominus:
413 1654 433 1697 *
459 1656 569 1727 Estote
605 1679 682 1747 ergo
733 1681 809 1749 pru·
856 1662 1055 1748 raipsorum
1073 1661 1104 1725 in
1120 1680 1200 1749 pace
1221 1658 1448 1749 sepultasunt,

227 1746 337 1817 dentes
362 1750 444 1816 sicut
465 1761 655 1841 serpentes,
686 1762 720 1821 ct
741 1752 816 1819 siru-
863 1761 895 1819 et
919 1772 1035 1818 nomen
1061 1772 1173 1819 eorum
1199 1752 1276 1818 vivit
1299 1752 1330 1817 in
1357 1771 1452 1839 gene·

229 1840 327 1932 plices
351 1846 435 1910 sicut
458 1842 636 1913 columbae.
859 1846 1016 1911 rationem
1039 1857 1071 1911 et
1109 1845 1350 1933 generationem·
1392 1842 1449 1909 Sa-

274 1938 304 2002 l.
329 1936 411 2007 Dum
435 1936 539 2005 lucem
571 1936 704 2016 habetis,
743 1931 812 2003 cre·¹
857 1938 1006 2028 pientiam
1026 1938 1165 2027 ipsorum
1184 1948 1310 2005 narrent
1321 1936 1444 2027 populi,
1465 1946 1468 1952 ’

228 2023 292 2095 dite
315 2029 347 2095 iu
369 2028 485 2119 lucem,
509 2040 546 2097 ut
562 2028 616 2097 filii
640 2030 721 2100 lucis
736 2033 813 2098 sitis.
860 2039 893 2099 et
907 2029 1284 2120 laudemeorumnuntiet
1298 2028 1452 2097 Ecclesia.

228 2118 346 2189 Estote.
383 2172 414 2206 „
652 2194 654 2197 ,
908 2133 940 2206 p.
967 2125 1048 2189 Dum
1072 2126 1219 2191 steteritis
1245 2133 1320 2191 ante
1359 2142 1449 2210 reges

303 2267 321 2299 Ι,
374 2222 385 2301 J
420 2266 430 2285 .,
476 2214 604 2286 bactu
859 2224 891 2285 et
914 2216 1086 2307 praesides,
1103 2217 1199 2285 nolite
1214 2218 1352 2303 cogitare
1369 2234 1452 2304 quo-

226 2256 411 2375 Homines
423 2302 536 2375 divites
548 2310 579 2377 in
594 2309 720 2389 uirtute,
737 2308 810 2401 pnl-
855 2308 967 2390 modo‚·
1002 2306 1071 2377 aut'
1098 2309 1178 2400 quid
1218 2308 1404 2399 loquamini:
1428 2308 1450 2348 ³*

225 2396 410 2469 cbritndinis
444 2399 597 2491 studium
651 2401 810 2471 habentes:
858 2402 992 2469 Dabitur
1015 2404 1099 2471 enim
1124 2402 1216 2470 vobis
1235 2404 1265 2469 in
1292 2402 1343 2469 illa
1362 2399 1451 2481 bora,

223 2491 425 2581 pacificantes
465 2496 496 2561 in
546 2496 707 2571 domibus*
733 2496 809 2563 suis.
858 2493 937 2584 quid
962 2494 1148 2584 loquamini.

225 2585 345 2655 Omnes
390 2590 441 2657 isti
484 2591 517 2655 iu
556 2588 810 2679 generationibus
903 2590 932 2655 i.
956 2588 1027 2653 Non
1050 2588 1135 2655 enim
1165 2606 1225 2655 vos
1263 2586 1347 2664 estis,
1389 2586 1448 2680 qui

224 2682 325 2765 gentis
348 2680 580 2769 suaegloriam
605 2682 708 2772 adepti
725 2692 810 2761 sunt,
857 2680 1034 2770 loquimini,
1075 2679 1134 2747 sed
1172 2680 1307 2769 Spiritus
1347 2678 1448 2745 Patris

226 2771 313 2837 etin
338 2772 450 2839 diebus
481 2777 547 2841 suis
585 2774 742 2841 habentur
782 2775 814 2840 in
862 2774 970 2852 vestri,
994 2774 1051 2864 qui
1097 2772 1239 2863 loquitur
1280 2774 1311 2838 in
1349 2769 1450 2839 vobis.

225 2861 385 2931 laudibus.
410 2867 471 2947 Qui
496 2866 537 2934 de
560 2868 622 2933 illis
636 2869 711 2953 nati
726 2874 811 2948 sunt,
862 2864 1006 2932 Dabitur.

225 2956 424 3045 reliquerunt
448 2978 562 3026 nomen
579 2958 726 3037 narrandi
743 2958 812 3025 lau·
907 2958 1013 3027 Gloria
1040 2960 1131 3027 Patri.
1148 2957 1291 3026 Dabitur.

226 3047 284 3116 des
308 3070 430 3132 eorum3
454 3062 485 3119 et
500 3064 576 3119 sunt
592 3047 731 3143 quorum
749 3071 812 3118 non
977 3052 1021 3119 IN
1037 3053 1081 3119 Il.
1104 3053 1335 3122 NOCTUDNO.

226 3153 279 3209 cst
302 3147 462 3211 mummia:
481 3149 640 3237 perierunt
655 3146 750 3235 quasi
761 3144 817 3235 qui
950 3145 1062 3213 Sermo
1085 3148 1193 3213 Sancti
1215 3146 1369 3213 Bernardi

229 3254 296 3303 non
322 3236 447 3319 luerint
472 3249 505 3307 et
527 3240 589 3305 nati
611 3248 687 3306 sunt
724 3238 818 3329 quasi
1092 3239 1235 3307 Abbatis.

228 3347 295 3395 uon
329 3331 413 3414 nati,
434 3341 468 3400 et
492 3330 548 3400 filii
572 3330 714 3423 ipsorum
739 3352 814 3401 cum
931 3333 970 3399 Iu
991 3334 1066 3420 {esto
1084 3334 1119 3399 S.
1131 3330 1307 3423 Malachiae
1332 3334 1390 3421 Ep.

229 3419 319 3511 ipsis.
690 3476 693 3485 ,
1104 3427 1185 3492 Lect.
1206 3446 1247 3491 rv.

279 3524 311 3593 rt.
336 3517 444 3587 Tollite
466 3514 580 3608 jugum
599 3540 706 3585 meum
721 3538 820 3607 super
868 3466 1168 3604 congratulemun
1185 3518 1307 3600 iratres,
1319 3540 1455 3609 congra-

228 3626 301 3686 vno,
326 3606 400 3675 dicit
425 3612 587 3693 Dominus,
612 3622 643 3679 et
666 3611 820 3677 discitea
868 3608 1018 3690 tulemur,
1043 3621 1079 3677 ut
1102 3609 1233 3699 dignum
1257 3623 1316 3695 est,
1351 3613 1457 3679 Ponti*

230 3722 296 3781 me,
321 3702 399 3796 quia¹
421 3706 501 3771 mitis
524 3728 607 3785 sum,
634 3715 665 3771 et
692 3702 818 3769 humilis
865 3700 980 3770 ficibus
1004 3704 1127 3771 nostris:
1153 3708 1228 3795 quia
1255 3717 1287 3773 et
1304 3708 1390 3795 pium
1401 3712 1456 3770 est

228 3794 341 3869 corde:
378 3788 397 3835 *
438 3799 553 3883 logum
588 3798 670 3864 enirn
715 3816 820 3861 meum
868 3794 1035 3863 defunctos
1063 3796 1221 3886 plangere,
1238 3809 1269 3865 et
1284 3800 1371 3887 pium
1389 3817 1455 3862 ma·

225 3910 333 3965 suave
356 3898 413 3966 est,
440 3899 471 3955 ct
493 3911 574 3957 onus
599 3912 706 3957 meum
718 3886 795 3955 leve.
866 3888 915 3977 gis
931 3890 1133 3973 congaudere
1149 3890 1338 3971 viventibus.
1355 3891 1454 3955 Num-

277 3986 308 4050 rl.
333 3979 371 4049 Et
394 3984 558 4051 invenictis
583 3984 727 4071 requiem
749 3977 816 4052 aoi-
865 3980 944 4070 quid
984 3977 1065 4048 non
1088 3983 1239 4062 vivunt?
1280 3985 1318 4050 Et
1351 3982 1452 4073 beate.

226 4074 345 4145 mabus
369 4075 489 4145 vestris
513 4078 639 4166 trgum.
863 4075 1022 4146 Nimirum
1045 4076 1103 4143 visi
1126 4087 1201 4144 sunt
1231 4076 1334 4144 oculis
1373 4076 1447 4145 insi·

309 4194 312 4199 ·
864 4168 1018 4258 pictatium
1043 4169 1135 4252 mori,
1158 4164 1203 4238 illi
1234 4179 1339 4239 autem
1380 4179 1455 4238 sunt
