3584 5034
310 655 376 723 lbi
761 648 889 717 FESTA
913 647 1089 721 AUGUSTI

305 762 431 856 scripsit
450 758 495 829 'ad
526 760 644 844 varios,
673 780 731 852 per
768 762 899 829 univer·
1071 760 1115 826 lli
1139 758 1166 828 1.
1188 758 1411 831 NOCTURNO
1526 825 1529 832 ,

305 869 377 927 su'm
402 853 511 923 orbem
535 854 756 934 christianum,
772 854 804 920 in
822 856 893 944 qui·
985 854 1067 922 Lect.
1091 853 1250 947 descript.
1275 866 1391 923 occurr.
1415 852 1453 921 in
1478 852 1532 926 cr·-

304 948 367 1018 bus
391 946 630 1016 ardentissimus
654 948 741 1015 zelus
772 948 897 1036 religio·
944 944 1004 1016 uit.
1022 950 1142 1014 iustus.

305 1044 353 1111 nis
376 1032 628 1132 amplificandae,
653 1062 719 1132 quo
748 1040 895 1108 medulli·
1057 1040 1100 1105 ΙΝ
1127 1040 1167 1105 ll.
1190 1039 1413 1111 NOCTURNO

306 1147 358 1203 tus
381 1134 552 1222 flagrabat,
595 1157 756 1222 sacrarum
792 1132 895 1200 litera·
1173 1136 1255 1201 Lect.
1281 1155 1321 1201 rv.

305 1251 376 1295 rum
401 1230 541 1307 scientia,
566 1247 639 1294 cum
664 1225 896 1317 limpidissimo,
928 1178 1110 1318 'Rocbus
1149 1224 1180 1292 in
1221 1227 1325 1295 Monte
1363 1225 1536 1295 Pessulano

305 1333 336 1409 et
351 1340 494 1409 ‚amoeno
518 1320 600 1413 stylo
625 1322 805 1409 conjuncta,
831 1340 897 1408 qua
945 1332 1048 1399 natus,
1075 1329 1193 1407 quanta
1217 1319 1249 1385 in
1272 1324 1453 1411 proximum
1484 1340 1536 1386 ca·

290 1412 477 1505 ¹plurimum
503 1413 638 1494 valebat,
662 1412 830 1496 singularis
849 1434 898 1479 re·
945 1415 1036 1480 ritate
1072 1410 1216 1501 flagraret
1234 1464 1242 1493 ,
1259 1426 1263 1442 '
1282 1425 1350 1482 tum
1402 1415 1538 1482 maxime

305 1528 378 1574 rum
403 1507 613 1595 gerendarum
639 1507 765 1596 peritia,
805 1526 896 1595 prae·
944 1505 1092 1583 ostendit,
1117 1526 1191 1572 cum
1226 1509 1410 1575 saevissima
1450 1518 1539 1598 peste

307 1600 413 1667 sertim
437 1621 512 1666 cum
538 1599 684 1687 Regibus,
711 1607 742 1665 el
758 1598 899 1687 Optima·
946 1597 1051 1687 longe,
1076 1598 1203 1688 lateque
1226 1621 1282 1690 per
1307 1600 1425 1666 ltaliam
1452 1620 1537 1667 cras·

307 1692 404 1771 tibus,
428 1714 492 1781 qua
515 1713 592 1783 prae
615 1692 726 1761 ceteris
749 1690 897 1780 pollebat,
946 1704 1045 1770 sante,
1070 1693 1169 1781 patria
1193 1691 1309 1771 relicta,
1328 1693 1465 1759 Italicam
1482 1714 1539 1783 pe·

305 1784 452 1874 aliaeque
468 1785 584 1853 heroici
601 1785 703 1851 animi·
720 1781 821 1864 doteS,
841 1784 898 1850 mi·
946 1785 1184 1866 regrinatiouem
1197 1786 1346 1873 suscepit,
1363 1784 1538 1875 urbesque,

307 1890 385 1944 rum'
410 1879 441 1944 iu
470 1877 602 1945 modum
640 1877 781 1958 elucent.
822 1877 897 1965 Ejus
944 1888 976 1943 et
999 1875 1322 1968 oppidaperagrans,
1347 1878 1540 1968 seipsumin

308 1970 440 2038 demum
464 1969 708 2061 pialiberalitas
725 1972 755 2036 in
771 1990 899 2058 egenos,
945 1968 1173 2058 aegrotantium
1199 1968 1389 2058 obsequium
1414 1970 1539 2058 impen-

309 2072 341 2130 et
364 2080 474 2131 sacras
494 2064 589 2137 aedes
612 2063 743 2153 profusa
768 2063 834 2128 luit.
852 2068 897 2129 Ac
944 2060 1031 2143 dere,
1057 2061 1261 2151 animamque
1283 2082 1376 2129 suam
1400 2082 1459 2150 pro
1476 2061 1540 2129 lra-

290 2154 436 2222 'tandem
460 2177 593 2223 suorum
623 2166 772 2222 votorum
811 2174 900 2222 com·
947 2155 1051 2222 tribus
1064 2174 1181 2244 ponere
1195 2175 1259 2221 non
1271 2153 1541 2235 dubitaritouod

309 2268 382 2339 pos,
404 2250 507 2329 annis,
530 2267 568 2314 ac
592 2249 710 2314 meritis
734 2248 848 2336 gravis,
867 2258 898 2316 et
946 2247 1031 2316 beati
1054 2249 1112 2314 viri
1129 2247 1281 2328 studium,
1300 2269 1397 2338 quam
1414 2259 1542 2335 gratum

223 2375 227 2381 »
287 2341 593 2428 ‘rerumgestarum
611 2339 720 2429 gloria,
737 2339 823 2431 apud
840 2341 901 2408 De·
946 2342 1015 2409 Deo
1048 2341 1155 2421 luerit,
1198 2342 1285 2408 miris
1324 2343 1540 2409 sanationibus

310 2454 365 2499 um
376 2467 391 2511 ,a
410 2442 449 2500 et
483 2433 625 2501 homines
666 2432 901 2515 celeberrimus,
952 2432 1146 2501 declaratum
1172 2444 1229 2501 est.
1253 2432 1440 2523 Complures
1457 2437 1541 2504 enim

291 2528 386 2616 'post
409 2546 524 2593 novem
551 2525 756 2595 Pontificatus
794 2548 906 2608 annos,
953 2526 1130 2617 pestilentia
1154 2525 1286 2593 inlectos
1310 2547 1328 2594 e
1353 2527 1462 2595 mortis
1486 2548 1541 2619 pe·

311 2616 354 2686 ad
376 2618 544 2703 coelestem
580 2622 711 2711 patriam
752 2619 906 2709 migravit,
951 2618 1055 2686 riculo
1077 2620 1168 2706 signo
1202 2621 1309 2686 crucis
1349 2620 1474 2711 eripuit,
1511 2628 1544 2687 et

311 2730 396 2781 anno
419 2713 532 2782 Christi
567 2715 818 2804 quingentesimo
858 2714 905 2779 vi·
951 2710 1089 2800 integrae
1111 2712 1236 2779 sanitati
1259 2713 1402 2780 restituit.
1426 2714 1463 2781 ln
1486 2729 1543 2804 pa·
1664 2731 1665 2798 ἢ

311 2806 431 2895 gesimo
455 2809 555 2887 tertio,
587 2808 722 2875 exanimi
763 2806 905 2895 eorporis
951 2805 1043 2872 triam
1066 2826 1224 2886 reversus,
1241 2804 1414 2874 virtutibus
1429 2816 1461 2875 et
1476 2824 1543 2873 mo·
1664 2807 1665 2848 l

313 2899 435 2964 exuviis
443 2900 611 2966 vaticanae
623 2900 772 2966 basilicae
780 2898 907 2967 relictis.
957 2900 1023 2967 ritis
1035 2897 1125 2968 dives
1140 2900 1337 2967 sanctissime
1353 2898 1441 2981 obiit,
1457 2900 1543 2989 ejus·

361 2995 392 3069 ις.
418 2989 481 3057 lste
503 3002 559 3057 est.
955 3008 1021 3081 que
1044 2989 1166 3059 obitum
1188 2992 1292 3059 statim
1309 2990 1479 3060 subsecuta
1495 3000 1545 3058 est

429 3081 472 3147 lN
498 3082 553 3149 lll.
571 3082 792 3150 NOCTUllNO
954 3085 1113 3151 veneratio
1138 3082 1289 3165 fidelium,
1314 3087 1443 3174 quaein
1460 3084 1546 3149 Con·
1663 3097 1664 3164 ζ

315 3172 422 3243 Hamil
445 3173 622 3275 innEoonp.
647 3174 750 3241 Homo
774 3195 907 3265 peregre
954 3177 1118 3242 stantiensi
1147 3175 1264 3244 deinde
1302 3176 1442 3243 Concilio
1477 3196 1547 3241 ma·
1663 3173 1664 3194 ¹

593 3309 636 3321 -
952 3288 1048 3355 gnum
1067 3269 1223 3360 recepisse
1239 3269 1353 3335 dicitur
1369 3270 1547 3335 incremen-

538 3362 607 3429 otu
636 3362 686 3428 to.
955 3369 1034 3439 tum,
1063 3360 1201 3429 eumad
1227 3359 1475 3456 propulsandam
1498 3360 1547 3427 in·

510 3454 543 3523 S.
567 3456 666 3523 llocnr
691 3452 724 3522 C.
848 3526 852 3535 ,
957 3464 1121 3539 gruentem
1156 3452 1262 3533 luem,
1306 3452 1401 3519 ltocbi
1442 3454 1547 3541 imago
1662 3449 1663 3530 ξ

573 3548 657 3637 dupl.
958 3543 1089 3611 solemni
1113 3565 1240 3635 pompa,
1266 3547 1352 3613 omni
1377 3548 1548 3614 comitante
1662 3547 1663 3568 ¹

363 3635 374 3730 (
406 3637 559 3709 incivit-
583 3640 665 3730 dupl.
691 3618 792 3729 maj.)
818 3638 909 3705 Onna.
956 3637 1087 3729 populo,
1111 3660 1168 3729 per
1190 3635 1351 3707 eamdem
1375 3641 1544 3720 civitatem,

205 3748 208 3755 ’
318 3732 355 3800 tle
382 3734 498 3801 Oomm.
534 3734 570 3804 C.
594 3756 655 3802 non
677 3734 765 3801 Pont.
784 3740 912 3821 praeter
956 3730 1121 3822 Episcopis
1160 3731 1444 3823 approbantibus,
1497 3740 1547 3801 est
1661 3773 1662 3778 κ

318 3825 483 3913 reptantia.
957 3822 1068 3892 delata.
1084 3827 1193 3914 ltaque
1216 3827 1286 3914 ejus
1309 3827 1416 3895 cultus
1434 3822 1544 3893 mirifi-

443 4000 446 4009 ,
520 3936 523 3945 ’
570 3917 679 3987 Oratio
955 3935 994 3983 ce
1017 3931 1212 4009 propagatus
1235 3931 1284 3986 est
1323 3921 1353 3986 in
1395 3921 1545 3987 universo

321 3962 512 4101 Populum
548 4022 665 4094 tuum,
712 4029 911 4101 quaesumus
954 4020 1107 4076 terrarum
1134 4011 1222 4092 orbe,
1247 4014 1302 4102 qui
1326 4011 1474 4081 eumdem
1501 4012 1545 4078 si-

319 4100 463 4185 Domine,
488 4107 636 4173 continua
660 4106 773 4197 pietate
804 4111 911 4169 custo·
958 4100 989 4168 bi
1013 4102 1098 4193 apud
1124 4106 1223 4171 Deum
1248 4106 1402 4173 adversus
1433 4113 1543 4170 conta·

321 4192 363 4258 di:
387 4206 418 4260 et
442 4198 524 4265 beati
550 4198 644 4267 llochi
662 4194 906 4285 suffragantibus
953 4196 1072 4283 giosarn
1098 4196 1183 4264 luem
1207 4210 1376 4288 patronum
1393 4195 1542 4283 religioso

321 4286 452 4366 meritis,
477 4291 517 4356 ab
541 4295 628 4359 omni
652 4292 701 4359 lac
724 4292 857 4368 animae,
876 4298 909 4356 et
954 4288 1060 4357 studio
1083 4288 1251 4381 adoptarit.
1289 4288 1414 4372 Quibus
1443 4307 1542 4358 accu-

323 4380 466 4469 corporis
481 4382 909 4475 contagionesecurum.Per.
955 4393 1022 4453 rate
1043 4384 1217 4476 perpensis,
1244 4383 1392 4456 Urbanus
1407 4393 1542 4453 octavio
