3584 5034
300 631 379 729 ,⁴⁶⁰
723 706 726 712 Α
748 630 884 697 ΙἫΙΑ
902 630 1134 710 ttovnttttttts
1382 702 1383 708 ,

308 743 459 832 cuiquam
482 741 667 812 incredibile
685 742 840 826 videatur,
858 764 899 811 ex
992 755 1024 830 εξ.
1049 741 1152 811 Verba
1177 741 1375 825 carnificum,
1400 751 1459 813 otc.

308 836 481 928 Martyrum
505 836 655 927 Reliquiis
694 859 794 904 suave
840 860 900 903 uu·
960 851 962 858 ’
1169 838 1251 904 Lect.
1274 857 1315 904 vt.

307 942 461 1016 guantum
473 931 796 998 scaturirelllinimo
811 941 897 998 certe
946 879 1165 997 nunciandi
1199 939 1312 1010 certe,
1336 941 1368 998 ct
1407 925 1537 1019 quidem

307 1021 345 1088 iis
368 1022 509 1111 quidem,
537 1016 736 1113 quions'ttei
755 1026 903 1115 potentia,
950 1024 1004 1102 ita,
1030 1037 1065 1090 ut
1089 1024 1243 1092 ineorum
1266 1026 1398 1091 *nominc
1422 1021 1539 1111 templa

307 1115 486 1212 honorque,
525 1139 592 1207 quo
613 1147 616 1154 ·
637 1119 770 1185 Sanctos
822 1138 899 1184 suos
949 1119 1015 1184 Deo
1040 1129 1233 1198 extruamuS,
1262 1116 1539 1194 donaofferamuS,

286 1207 412 1289 ‚afficit
438 1222 633 1300 perspectus,
658 1221 690 1278 et
718 1211 900 1300 exploratus
948 1223 1059 1279 eorum
1074 1212 1257 1276 memoriam
1269 1209 1426 1297 colamus,
1444 1220 1541 1297 atquc

306 1313 363 1368 est.
389 1308 495 1392 Atque
519 1304 596 1371 illud
629 1303 759 1394 quidem
799 1305 897 1370 veteri
946 1305 978 1370 iu
1008 1327 1045 1370 ea
1084 1304 1539 1394 spiritualiter,oblectemur:

305 1395 376 1483 lege
401 1409 618 1491 comparatum
643 1409 720 1476 crat,
746 1409 781 1465 ut
811 1399 899 1486 quis·
916 1407 919 1416 '
937 1392 1013 1486 'quo
1039 1399 1186 1464 nimirum
1212 1398 1327 1464 laetitia
1354 1409 1460 1484 nostra
1491 1395 1540 1473 iis,

308 1490 381 1578 quis
405 1502 567 1569 mortuum
607 1492 799 1572 contigisset,
844 1491 902 1556 im·
948 1491 1105 1580 aquibus
1121 1494 1303 1566 invitamur,
1319 1503 1485 1578 congruat,
1503 1509 1540 1554 ac

263 1670 266 1675 1
305 1581 447 1650 mundus
463 1580 664 1656 censeretur.
684 1585 797 1651 Verum
814 1584 846 1650 hi
870 1587 912 1651 in*
949 1607 1024 1664 non,
1050 1583 1127 1650 dum
1151 1607 1208 1664 eos
1232 1585 1347 1662 colere,
1373 1605 1410 1649 ac
1435 1583 1542 1648 deme-

291 1740 292 1743 ,
305 1675 506 1743 mortuorum
526 1698 664 1765 ,numero
679 1678 808 1746 minime
840 1677 892 1744 ba·
942 1680 1003 1746 reri
1015 1677 1192 1758 studemus,
1206 1677 1406 1744 offendamus
1419 1678 1539 1766 potius,

307 1767 405 1836 bandi
429 1780 512 1836 sunt.
635 1776 638 1781 ⁴
947 1782 979 1839 ct
1004 1774 1170 1838 irritemus.
1209 1770 1334 1849 Quibus
1377 1771 1462 1836 enim
1493 1788 1542 1833 re·

304 1920 306 1926 Α
352 1865 384 1936 e.
409 1863 514 1930 Sancti
539 1866 586 1932 tui
610 1866 829 1945 Dominaetc.
916 1869 918 1874 '
950 1864 1010 1931 bus
1034 1866 1121 1929 Deus
1145 1863 1283 1938 colitur,
1308 1861 1418 1927 iisdem
1456 1859 1541 1928 servi

336 2003 357 2037 a
534 1957 619 2028 Lect'
640 1978 668 2023 v.
949 1977 1080 2047 quoquc
1104 1957 1204 2045 ipsius
1230 1953 1439 2020 oblectantur.
1464 1955 1546 2032 Qui-

307 2001 384 2116 lflx
409 2051 583 2140 quo-'enim
603 2052 742 2142 'ipsamet
765 2051 839 2130 vita,
863 2069 901 2116 ac
948 2049 1009 2118 bus
1033 2059 1137 2114 autom
1166 2049 1249 2114 De'us
1274 2046 1454 2126 offenditur,
1491 2045 1543 2110 iis-

307 2142 392 2211 vitae
414 2151 535 2211 Auctor·
560 2148 638 2212 inter
663 2151 805 2211 mortuos
839 2143 896 2210 ad·
944 2143 1016 2210 dem
1043 2142 1142 2234 ipsius
1166 2144 1259 2209 etiam
1286 2140 1398 2207 milites
1439 2137 1543 2206 oten-

307 2238 445 2327 scriptus
468 2249 526 2317 est,
550 2258 616 2317 ecs,
630 2240 700 2326 -qui
724 2238 824 2327 inspc
847 2250 897 2303 ra‘·
944 2237 1074 2303 duntur.
1098 2239 1171 2316 Ouo
1196 2238 1280 2303 circa
1309 2235 1338 2300 in
1356 2232 1496 2323 psalmis,
1513 2241 1544 2299 et

307 2330 533 2410 surrectionis,
561 2329 690 2419 fideque
711 2341 787 2419 'erga
811 2353 897 2410 eum,
946 2331 1086 2423 hymnis,
1102 2328 1294 2396 etca'ntibus
1310 2325 1541 2418 spiritualibus,

307 2424 393 2488 diem
408 2433 584 2490 extremum
602 2425 796 2502 clauserunt,
814 2445 900 2489 mor·
947 2435 979 2491 ct
1002 2425 1260 2512 cornpunctione,
1286 2431 1317 2488 et
1342 2439 1466 2498 eorum,
1485 2419 1542 2508 qui

308 2525 381 2582 tuos
406 2514 657 2607 haudquaquam
692 2519 898 2608 appellamus.
947 2518 978 2582 in
1003 2526 1140 2604 egestate
1164 2524 1333 2583 versantur
1374 2513 1541 2580 commisc-

307 2610 478 2688 Ouomodo
502 2614 587 2679 enim
628 2617 807 2694 mortuum¹
828 2631 901 2675 cor·
949 2613 1069 2676 ratione
1095 2607 1226 2698 (quibus
1250 2607 1414 2697 obsequiis
1456 2607 1542 2672 Deus

307 2725 369 2792 pus
388 2705 539 2785 miracula
555 2704 651 2773 edere
669 2703 898 2794 potesttquo-
946 2704 1146 2794 potissimum
1170 2701 1370 2788 conciliatur)
1407 2701 1541 2766 Sanctos

308 2799 516 2886 uomituque
539 2798 636 2866 modo
662 2818 797 2888 perzeos
822 2799 902 2862 llae-
949 2797 1104 2875 colamus,
1130 2807 1259 2862 statuas.
1275 2796 1361 2885 ipsis,
1380 2815 1417 2860 ao
1434 2791 1543 2860 visibi-

309 2899 419 2973 tttn'ucs
442 2893 654 2981 expelluntur,
683 2889 784 2957 morbi
810 2910 898 2980 pro·
946 2890 992 2958 les
1017 2891 1169 2978 imagines
1193 2892 1363 2976 erigamus,
1394 2889 1457 2954 imo
1484 2883 1542 2974 ipsi

304 2981 465 3072 'lligantuq
491 2989 610 3074 aegroti
624 2984 788 3062 sanantur,
812 2985 900 3050 caeci
947 2983 1122 3064 virtutibus
1146 3004 1257 3054 eorum
1284 2980 1443 3046 imitandis
1482 2978 1542 3044 boc

308 3073 527 3168 prospiciunt,
554 3078 668 3168 leprosi
696 3075 900 3155 mundantur,
950 3067 1188 3166 consequamur
1204 3129 1224 3160 „
1242 3085 1283 3142 ut
1317 3075 1413 3140 vivae·
1429 3079 1542 3140 dorum

310 3174 496 3239 tentationes
535 3193 573 3238 ac
598 3191 759 3237 maerores
794 3169 901 3236 discu÷
947 3181 1081 3248 statuae,
1108 3179 1205 3257 atquo
1231 3169 1383 3255 imagines
1415 3165 1526 3232 simus.

309 3265 458 3348 tiuntur,
483 3263 683 3353 ac'deuiqua
722 3283 818 3330 omne
842 3261 901 3328 do·
960 3261 1026 3344 Ιπῇ.
1052 3263 1367 3350 l'anquamaurum,
1394 3269 1454 3326 etc.
1544 3293 1549 3300 -

309 3373 386 3423 nuru
406 3360 566 3449 ‘optimum
592 3360 719 3424 alatro
742 3357 900 3422 luminum
952 3392 956 3404 ·
1024 3355 1076 3420 ,ΙΝ
1104 3355 1159 3420 ΙΙΙ,
1185 3352 1408 3420 NOCTURNO

309 3468 422 3518 eorum
455 3448 555 3543 opero
579 3450 619 3517 ad
655 3471 732 3527 eos,
756 3451 811 3541 qui
837 3448 901 3516 fide
995 3444 1023 3514 Ι.
1060 3450 1140 3516 Cum
1182 3446 1324 3514 Christus
1358 3443 1542 3536 apparuerit

310 3545 439 3611 minime
462 3544 562 3622 dubia
579 3541 752 3635 postulant,
768 3543 903 3610 descen·
951 3542 1014 3610 vita
1040 3552 1153 3608 vestra.

309 3635 383 3702 dit?
407 3637 485 3727 quid
511 3659 574 3703 non
592 3637 710 3704 laboris
733 3637 900 3724 suscipias,
995 3645 1026 3710 tl·
1051 3637 1139 3702 Tunc
1178 3643 1211 3700 ct
1248 3651 1308 3698 vos
1346 3629 1541 3722 apparebitis

310 3740 346 3796 ut
369 3742 538 3820 patronum
551 3730 723 3819 quemdam
736 3731 899 3795 nancisca-
946 3749 1019 3795 cum
1047 3731 1117 3822 ipso
1144 3728 1173 3794 in
1199 3724 1308 3814 gloria.

309 3825 353 3891 ris
378 3826 434 3913 qui
459 3836 502 3894 to,
529 3823 654 3890 mortali
679 3823 744 3911 rogi
782 3821 902 3902 ollcrat,
946 3903 947 3906 Ἴ
998 3822 1141 3890 Humilia
1158 3821 1192 3886 io
1206 3821 1324 3907 Ecorrp.
1336 3815 1542 3886 Descendens

309 3937 349 3983 ac
373 3924 429 3983 ttro
469 3916 596 4000 nominc
635 3915 675 3981 ad
702 3934 776 3982 eum
804 3915 902 3982 verba
949 3916 1232 3995 lesusdernonte,
1258 3914 1436 3981 tttr'ucom.
1456 3911 1541 4000 plor.

309 4009 431 4076 iaciat?
457 4012 511 4078 bn.
530 4031 594 4078 non
624 4009 719 4097 igitur
743 4007 775 4075 lri
800 4007 900 4075 bono·
948 4010 1044 4076 Mart.

310 4102 401 4169 randi
426 4103 528 4184 sunt,
555 4104 610 4192 qui
637 4104 732 4169 totius
773 4100 903 4168 huniani
961 4151 964 4158 .
997 4101 1047 4170 Ad
1069 4101 1169 4168 Laod.
1193 4110 1221 4167 et
1253 4119 1314 4188 per
1349 4099 1441 4166 ltorcs
1471 4095 1542 4164 Ant.

310 4198 437 4282 generis
460 4207 612 4285 patronos
634 4217 671 4265 sc
701 4193 902 4286 profitentur,
949 4204 984 4262 ut
1008 4194 1042 4262 in
1083 4196 1190 4263 codem
1228 4214 1337 4260 comm.
1379 4185 1480 4278 Capit.
1509 4189 1543 4256 Si

310 4294 349 4354 ac
374 4287 440 4354 Deo
452 4299 561 4356 nostra
578 4309 675 4356 causa
692 4287 901 4380 supplicant?
948 4288 1083 4380 Spiritus
1106 4287 1186 4375 ejus,
1211 4295 1244 4354 ot
1266 4305 1363 4374 suma
1385 4281 1422 4349 in
1452 4284 1541 4372 Vespr
