3584 5034
324 619 389 687 lus
793 616 926 695 Adusta
950 616 1055 687 tout

321 752 373 811 na,
385 727 426 799 de
437 730 529 819 cujus
539 725 736 819 plenitudiue
746 728 908 819 accipiunt
955 730 1058 796 lactus
1080 737 1129 797 est
1151 727 1301 797 mundns.
1333 728 1403 797 Hoc
1442 728 1545 799 verbo

321 822 470 903 universi,
510 822 551 889 de
588 821 782 889 abundantia
820 832 907 892 totus
953 822 1114 904 coelestia,
1127 826 1352 911 terrestriaque
1365 823 1547 892 Altissimus

320 915 493 1007 replendus
532 925 579 983 est
619 916 720 983 orbis·
754 918 793 983 Et
833 938 909 983 rere
955 914 1111 996 condidit,
1137 916 1192 983 sed
1211 916 1272 983 tale
1286 916 1342 982 fiat
1357 938 1421 983 non
1438 919 1546 984 sonuit

315 1009 906 1101 plenamcujusanimonulluspoc-
952 1009 983 1073 iu
1009 1008 1095 1088 orbe,
1129 1010 1283 1098 quale'tu
1327 1033 1412 1083 nunc
1452 1008 1545 1078 beata

319 1112 389 1170 cato
401 1101 528 1171 relictus
539 1112 587 1169 est
603 1101 705 1183 locus,
718 1101 830 1169 nullus
851 1104 909 1167 ini·
942 1098 1072 1168 'dixisti
1097 1103 1182 1182 Quid
1207 1105 1292 1170 enim
1318 1103 1436 1171 factum
1459 1102 1541 1170 est?

319 1196 431 1286 quitali
455 1197 558 1286 patuit
579 1215 736 1264 accessus.
754 1198 909 1263 Dominus
959 1196 1032 1283 quis
1056 1195 1163 1263 dicere
1185 1207 1290 1285 potest
1313 1196 1393 1287 quid
1424 1198 1542 1263 factum

209 1376 211 1383 Ι
319 1300 435 1357 tecum.
474 1291 513 1355 Et
552 1289 716 1378 quomodo
758 1288 904 1355 tecum‘l
952 1287 1544 1380 estVNaturastupatqucliciumhae·

316 1404 384 1450 non
410 1383 519 1473 utique
549 1385 632 1449 sicut
672 1402 808 1461 mecum,
851 1382 907 1461 sed
956 1392 1015 1461 ret,
1028 1382 1167 1451 hebescit
1191 1405 1316 1465 sensus,
1344 1384 1452 1474 lingua
1475 1406 1547 1449 mu·

315 1476 403 1543 sicut
426 1476 547 1544 nullibi:
572 1487 676 1543 tecum
703 1477 733 1541 in
758 1496 904 1564 corpore,
955 1475 1055 1557 tescit,
1096 1478 1174 1543 ratio
1208 1476 1327 1557 deficit,
1368 1478 1546 1545 intellectus

319 1580 427 1639 tecum
444 1571 475 1635 in
492 1580 606 1648 mente,
620 1578 725 1635 tecum
745 1570 905 1651 inanimo,
956 1589 1020 1633 uon
1045 1570 1130 1659 capit
1155 1568 1244 1661 quod
1268 1571 1386 1638 lactum
1427 1580 1477 1639 est
1515 1570 1547 1635 in

322 1672 428 1730 tecum
441 1665 470 1728 iu
483 1663 628 1742 consilio,
641 1671 745 1729 tecum
759 1665 791 1727 in
808 1673 911 1742 utero,
959 1663 1056 1727 illaria
1081 1683 1156 1729 cum
1180 1663 1240 1729 hoc
1253 1666 1384 1753 protulit
1400 1662 1546 1731 verbum:

322 1766 428 1824 tecum
456 1758 488 1821 iu
506 1757 634 1835 auxilio,
653 1766 757 1823 tecum
775 1758 809 1822 iu
826 1767 910 1837 ortu,
956 1753 1012 1822 fiat
1024 1756 1098 1822 mihi
1112 1754 1432 1823 secuudumverbum
1447 1767 1547 1824 tuum.

154 1880 156 1885 ·
252 1916 254 1919 ,
323 1860 429 1917 tecum
456 1850 606 1931 inanito,
633 1850 794 1917 tecumin
834 1846 908 1930 fine,
1003 1858 1035 1931 u.
1062 1850 1211 1916 Ornatam
1240 1846 1411 1914 monilibus
1451 1848 1549 1915 filiam
1581 1917 1585 1921 ,

322 1952 429 2009 tecum
454 1946 522 2011 siue
547 1942 619 2011 fine.
956 1941 1129 2009 Jerusalem
1154 1940 1308 2007 Dominus
1323 1936 1510 2030 concupivit
1526 1940 1548 1983 '¹‘

367 2040 398 2113 d.
415 2038 505 2118 Quae
520 2048 568 2103 est
584 2040 653 2117 ista,
674 2057 758 2126 quae
778 2055 908 2124 proces„
954 2036 991 2101 Et
1017 2032 1157 2103 videntes
1181 2056 1251 2101 eam
1277 2033 1359 2100 filiae
1376 2034 1451 2100 Sion
1472 2031 1548 2099 bea-

319 2129 360 2197 sit
376 2130 459 2197 sicut
471 2128 535 2207 Sol,
551 2140 582 2197 et
596 2132 908 2219 formosatarnquam
955 2128 1109 2195 tissimum
1131 2127 1408 2219 praedicaverunt,
1436 2125 1549 2193 diceu-

321 2220 542 2289 Jerusalem*
568 2220 905 2291 Viderunteamfiliae
953 2234 1000 2289 tes
1025 2223 1046 2263 *
1071 2223 1277 2311 Unguentum
1311 2219 1450 2290 effusum
1488 2238 1547 2286 no·

323 2317 410 2394 Sion,
445 2325 477 2382 et
517 2314 641 2381 beatam
682 2314 840 2397 dixerunt,
880 2325 913 2385 et
959 2338 1032 2383 men
1056 2327 1159 2383 tuum.

322 2408 449 2497 reginae
474 2406 685 2475 laudaverunt
708 2431 787 2476 earn.
1005 2409 1035 2471 tl.
1058 2412 1162 2476 Astitit
1185 2410 1294 2495 regina
1309 2429 1329 2473 a
1346 2406 1466 2494 dextris
1489 2403 1549 2473 tuis
1668 2409 1669 2480 ἶ

370 2500 399 2567 tl.
423 2503 462 2571 dt
485 2502 567 2569 sicut
583 2500 650 2569 dies
669 2503 757 2571 verni
775 2505 914 2571 circum·
960 2505 994 2569 in
1025 2506 1140 2569 vestitu
1171 2500 1331 2568 deaurato
1355 2498 1552 2567 circumdata
1668 2583 1669 2586 Ἴ

324 2592 443 2663 dabant
466 2618 536 2667 eam
561 2593 655 2663 llores
680 2617 835 2677 rosarum,
877 2607 910 2665 et
957 2596 1116 2662 varietate,
1139 2596 1179 2661 Et
1209 2594 1352 2661 videntes
1383 2604 1443 2662 etc.
1473 2593 1550 2661 Glo-
1668 2673 1669 2688 χ

208 2776 210 2781 Ι
324 2688 389 2757 lilia
405 2690 610 2761 convallium.
630 2689 783 2760 Viderunt
798 2702 858 2759 etc.
962 2690 1008 2755 ria
1032 2688 1113 2754 Patri
1138 2700 1198 2756 etc.
1224 2689 1511 2775 Unguentumetc.

548 2786 630 2851 Lect.
653 2804 694 2850 vr.
1071 2783 1113 2847 ΙΝ
1141 2783 1195 2849 lll.
1221 2781 1445 2850 noctduno

418 2878 472 2946 Em
498 2879 589 2947 Gooc.
618 2878 630 2940 l
660 2878 793 2946 Acuunt.
1178 2878 1260 2944 Lect.
1284 2896 1337 2943 vu.

327 2920 488 3036 coelesti
512 2988 588 3056 ergo
613 2968 768 3057 legatione
791 2969 910 3053 audita,
1005 2970 1112 3038 lectio
1135 2970 1167 3037 S.
1184 2969 1344 3060 Evangelii
1372 2964 1550 3037 secundum

326 3061 372 3131 sio
396 3061 480 3129 fatur
502 3059 543 3126 ad
569 3061 734 3147 Angelum:
759 3084 834 3130 ecce
858 3087 913 3131 au·
962 3063 1093 3133 lucam.
1117 3097 1119 3100 ·

325 3156 398 3225 cilla
414 3156 549 3221 Domini:
568 3150 622 3218 fiat
638 3152 712 3219 mihi
736 3156 915 3227 secundum
1081 3159 1156 3244 Gap.
1179 3176 1201 3223 1.
1326 3178 1354 3223 o.
1380 3154 1434 3220 26.

326 3248 461 3318 verbum
478 3258 578 3315 tuum.
596 3246 715 3313 Grandi
732 3268 808 3335 ergo
842 3272 912 3341 my·
953 3206 1019 3323 ¹'n
1042 3248 1096 3315 illo
1120 3260 1262 3339 tempore
1287 3248 1401 3315 missus
1425 3254 1474 3313 est
1488 3243 1553 3313 Ga-

274 3398 282 3405 .
326 3342 432 3424 sterio,
456 3341 675 3431 altissimoque
700 3342 828 3409 Deitatis
868 3343 915 3409 in·
963 3340 1040 3411 brial
1068 3342 1207 3424 Angelus
1225 3364 1250 3419 a
1275 3343 1340 3406 Deo
1368 3341 1401 3405 in
1437 3339 1554 3407 Civita-
1668 3351 1669 3372 ¹

325 3435 443 3504 stinctu
483 3445 678 3525 conceptura
717 3434 819 3502 Deum
861 3436 911 3503 sui
959 3447 1021 3503 tem
1038 3434 1176 3503 Galileae
1193 3438 1380 3501 cui'uomeu
1398 3429 1553 3499 Nazareth
1668 3443 1669 3448 ’

326 3529 468 3599 meminit
492 3528 678 3609 ancillatus,·
694 3536 729 3595 ut
761 3531 912 3597 orientem
960 3528 1002 3595 ad
1028 3529 1186 3617 Virginem
1212 3527 1435 3617 desponsatam
1469 3528 1550 3605 Viro,
1668 3551 1669 3568 1

326 3643 347 3689 a
383 3644 419 3691 se
460 3620 559 3689 filium
600 3620 713 3688 muudi
753 3619 911 3712 obsequio
959 3624 1011 3690 cui
1036 3641 1152 3689 nomen
1181 3634 1248 3687 erat
1264 3620 1382 3710 loseph
1399 3623 1440 3687 de
1456 3620 1552 3685 domo

327 3716 532 3807 manciparet.
558 3715 626 3781 Fiat
649 3714 734 3795 mihi,
775 3718 827 3794 ait,
866 3738 914 3785 se·
963 3714 1085 3795 David,
1125 3724 1157 3781 et
1182 3734 1299 3783 nomen
1330 3714 1466 3803 Virginis
1489 3713 1553 3779 lla·

328 3808 473 3878 cundum
496 3807 630 3875 verbnm
662 3816 764 3887 tuum,
800 3818 831 3875 et
868 3808 910 3878 ad
957 3810 1012 3876 ria.
1029 3810 1068 3875 Et
1098 3808 1229 3897 reliqua.

329 3902 462 3972 verbum
496 3903 566 3991 ejus
606 3902 709 3969 statim
752 3901 782 3969 iu
822 3913 914 3969 utero
1008 3901 1144 3969 Humilia
1168 3904 1200 3968 S.
1225 3903 1393 3990 Augustini
1423 3900 1506 3991 Epis.

328 3989 526 4064 incarnatum
551 4007 600 4065 est
622 3995 771 4062 Verbum.
797 3996 826 4063 Ο
863 3994 919 4063 liat
1047 3998 1118 4065 Ser.
1137 3997 1212 4077 tot.
1229 3992 1554 4064 intuterant.

330 4099 454 4179 potens,
479 4111 499 4158 o
524 4087 579 4156 fiat
601 4087 724 4169 efficax,
748 4110 768 4156 o
792 4088 847 4155 fiat
863 4110 919 4157 su·
971 4038 1140 4179 Angelus
1157 4109 1233 4173 vero
1250 4089 1333 4156 idem
1352 4090 1418 4178 ipse
1432 4085 1473 4154 ad
1491 4086 1556 4152 lla-

330 4202 507 4268 peremne
530 4182 762 4274 lintperpetuo
797 4181 919 4253 honore
963 4184 1043 4251 mam
1068 4184 1235 4273 Virginem:
1252 4188 1329 4263 Ave,
1345 4182 1459 4269 inquit,
1483 4202 1557 4269 gra·

331 4275 580 4346 venerandum!
611 4278 679 4347 Hoc
710 4274 810 4345 verbo
854 4274 911 4345 fiat
957 4276 1000 4346 tia
1024 4276 1127 4367 plena,
1151 4278 1305 4346 Dominus
1334 4282 1458 4353 tecum,
1488 4273 1555 4363 jam
