3584 5034
660 570 787 640 FESTA
810 570 1038 642 nocturnus
1402 567 1466 646 llo

228 687 323 767 idem,
346 703 422 753 aum
447 684 480 749 in
502 701 675 775 progressu
699 694 822 776 tempo·
869 684 940 751 tatis
959 681 1166 764 miraculum,
1183 690 1246 750 tam
1263 681 1467 777 magnificum

136 827 139 833 -
230 783 276 849 ris
285 780 327 847 ab
340 774 590 867 imperatoribus
601 777 819 859 Constantino,
868 798 953 867 opus
976 777 1103 845 divinae
1126 776 1286 845 virtutisl
1323 775 1466 846 Andreas

232 885 265 942 et
302 871 418 941 Basilio
458 870 665 961 imperassent
703 870 822 953 Veneti,
872 870 969 944 humo
993 881 1060 940 erat
1083 871 1194 940 similis
1233 867 1326 937 nobis
1363 870 1468 961 passi-

233 962 508 1054 Constantinopoli
518 961 692 1032 deductum
704 964 738 1030 in
746 965 825 1031 San·
870 962 956 1046 bilis,
982 975 1100 1032 ettam
1135 962 1312 1032 vehementi
1332 961 1466 1040 ardore

234 1060 278 1127 cti
318 1059 416 1126 llarci
454 1055 585 1124 Basilica
625 1057 684 1123 fuit
709 1055 826 1126 deiude
872 1057 1002 1148 spiritus
1042 1078 1171 1124 crucem
1228 1054 1362 1136 sitiebat,
1404 1066 1467 1133 tam

236 1151 420 1220 solemniter
435 1150 639 1217 collocatum.
654 1152 825 1230 Postremo,
873 1151 1016 1218 inaudito
1041 1172 1059 1217 a
1083 1149 1229 1219 saeculis.
1258 1147 1375 1238 gaudio
1414 1148 1468 1216 tri-

234 1256 268 1314 et
278 1244 400 1324 ultimo,
415 1241 670 1335 supplicantibus
697 1242 825 1312 Torcel·
871 1241 1035 1335 pudiabat‚
1060 1265 1133 1310 cum
1158 1253 1303 1334 paratum
1334 1240 1393 1310 sibi
1433 1264 1466 1310 e·
1521 1249 1525 1258 '

233 1339 319 1406 lianc
346 1338 505 1428 Episcopo
544 1337 680 1429 ejusque
709 1355 821 1406 sorore
848 1337 976 1419 ¹miuus
1017 1336 1194 1427 patibulum
1241 1336 1466 1426 conspexisset.

233 1428 633 1512 abbatissa,adllaclesiam
645 1428 826 1497 llonialium
862 1431 903 1497 -0
927 1450 1016 1512 crux,
1045 1428 1239 1520 inquit,·diu
1278 1426 1467 1509 desiderata,

234 1526 342 1593 Sancti
365 1525 497 1592 toannis
512 1522 732 1612 Evangelistae
751 1523 827 1591 Tor·
874 1525 983 1612 etjam
1001 1523 1239 1613 concupiscenti
1255 1523 1360 1589 animo
1376 1543 1468 1613 prae-

234 1617 375 1686 cellanae
399 1613 567 1684 'dioecesis
600 1635 685 1683 anuo
715 1616 826 1684 salutis
870 1629 990 1707 parata,
1015 1636 1150 1685 securus
1165 1627 1198 1684 et
1213 1614 1357 1708 gaudens
1373 1617 1467 1684 venio
1493 1667 1497 1676 ,

124 1742 125 1747 “
234 1710 403 1778 millesimo
426 1709 512 1776 nono
536 1706 686 1776 defertur.
702 1709 827 1778 Postre·
873 1707 916 1776 ad
940 1721 991 1790 te,
1027 1711 1070 1777 ita
1100 1717 1137 1777 ut
1178 1719 1210 1778 et
1248 1719 1283 1777 tu
1321 1706 1468 1776 exultans

235 1826 291 1874 mo
314 1805 345 1871 in
370 1802 497 1870 Buriani
520 1799 659 1869 insulam
694 1803 828 1870 transla·
875 1802 1030 1892 suscipias
1055 1824 1114 1870 me.
1139 1801 1274 1884 Videtis,
1299 1803 1467 1891 quianon

235 1906 303 1964 tum
319 1892 397 1976 est,
419 1890 482 1962 ubi
504 1893 681 1964 honorilice
714 1895 826 1962 condi·
872 1899 1011 1985 sucepit
1042 1917 1119 1986 prae
1150 1893 1367 1984 magnitudine
1389 1915 1468 1985 gau-

237 2000 305 2058 tum
330 1991 362 2055 iu
386 1987 565 2056 Parochiali
586 1988 732 2058 Ecclesia
747 1989 826 2056 San·
873 1987 934 2056 dii?
958 1991 1010 2069 ita,
1035 1989 1149 2080 inquit,
1162 1998 1198 2056 ut
1213 1998 1245 2057 et
1260 1998 1295 2055 tu
1311 1988 1465 2056 exultans.

236 2088 280 2150 cti
314 2082 436 2148 llartini
470 2091 625 2171 perpetuo
665 2080 756 2150 cultu
779 2080 823 2149 ad
916 2087 948 2162 u.
972 2083 1086 2168 Homo.

235 2195 388 2267 praeseus
412 2195 517 2263 usque
532 2183 659 2265 tempus
681 2195 824 2244 summo·
1113 2177 1195 2244 Lect.
1225 2197 1256 2242 v.
1338 2204 1340 2209 ·

235 2289 314 2360 pere
336 2277 516 2335 veneratur.
833 2291 837 2337 ῑ
872 2217 985 2357 Ergo
1008 2289 1049 2336 ne
1072 2277 1218 2337 tantaest
1241 2267 1405 2349 exultatio,
1428 2277 1466 2336 ut

281 2365 314 2442 d.
336 2360 517 2428 afferentur
541 2359 618 2448 regi,
641 2370 701 2428 ete.
870 2360 1000 2443 exultet,
1024 2372 1057 2428 et
1079 2364 1149 2452 ipsa
1172 2381 1263 2441 crux,
1293 2382 1352 2431 nec
1391 2361 1467 2430 lethi

345 2455 390 2520 IN
413 2454 471 2519 lIl.
494 2452 730 2538 Nooto'ttlto
873 2452 1050 2544 quidquam
1068 2453 1192 2534 habeat,
1208 2455 1263 2532 sed
1281 2467 1383 2523 totum
1399 2455 1465 2524 lae-

284 2546 393 2615 Hemr'l
418 2548 453 2614 S.
480 2545 629 2636 Greporr'i
662 2549 770 2636 Papae
794 2544 831 2614 in
878 2547 963 2614 titiae
985 2545 1057 2613 sit?
1082 2555 1146 2613 Aut
1161 2549 1234 2636 quis
1249 2547 1334 2616 dicat
1349 2550 1466 2631 minus,

238 2642 359 2728 Evaap.
383 2638 491 2707 Simile
513 2650 561 2707 est
583 2661 718 2729 regnum
749 2639 830 2708 Coe·
876 2651 987 2718 contra
1013 2638 1287 2722 consuetudinem,
1303 2663 1401 2731 supra
1419 2664 1469 2708 ra·

124 2796 125 2809 ,
236 2725 342 2800 lorum
387 2732 498 2800 decem
542 2731 729 2823 Virginibus.
777 2737 826 2803 De
871 2735 1000 2813 tionem,
1013 2731 1095 2800 ultra
1106 2742 1263 2814 naturam,
1275 2732 1465 2801 crucifixum

124 2842 125 2847 ’
236 2848 346 2895 comm.
378 2824 464 2914 Virp.
877 2825 1031 2906 exultare,
1072 2848 1168 2915 quam
1208 2827 1379 2898 crucem‘l
1418 2828 1468 2896 llli

124 2916 125 2939 ²
508 2958 553 3001 ·.·
874 2941 1005 2988 sensum
1027 2919 1163 2986 laetitiae
1187 2931 1301 2988 natura
1331 2919 1467 3015 negavit

458 3012 537 3078 Dlll
561 3011 595 3078 7.
813 3068 817 3085 .
871 3011 1004 3098 huic,si
1032 3011 1110 3103 quid
1127 3015 1297 3104 praevalet,
1313 3014 1467 3104 gaudium

304 3105 433 3174 Ocrrvn
457 3106 487 3174 S.
519 3110 672 3174 Auunmn
701 3109 760 3174 Ar.
876 3127 971 3174 omne
994 3101 1189 3189 exterminat,
1218 3109 1395 3200 ingeritque
1411 3107 1469 3176 do·
1562 3129 1564 3132 ·

299 3210 301 3215 “
441 3200 591 3291 duplam.
693 3265 695 3272 s
872 3198 983 3268 lnrem.
1008 3201 1143 3280 Fratres,
1166 3201 1247 3289 ignis
1264 3200 1466 3286 vibransest,

281 3292 398 3362 Omnia
434 3305 469 3363 ut
507 3291 543 3360 in
580 3295 667 3384 (esto,
697 3305 826 3384 praeter·
874 3289 940 3361 uon
965 3292 1073 3381 lingua
1096 3293 1242 3382 loquens,
1260 3305 1291 3362 et
1317 3296 1343 3363 si
1360 3295 1469 3386 lingua

232 3385 400 3475 sapiaentia.
873 3395 960 3454 certa
983 3386 1074 3472 ignea
1099 3397 1155 3456 est.
1194 3387 1356 3458 Carbones
1394 3404 1470 3459 sunt

360 3479 405 3546 ur
433 3479 455 3548 1.
476 3479 700 3551 nocrunrro
745 3459 749 3465 '
877 3478 958 3566 ignis
987 3479 1084 3561 rurus,
1126 3501 1223 3570 quem
1265 3481 1305 3551 ue
1342 3485 1470 3554 excerso
1509 3521 1511 3527 -

326 3572 408 3640 Leat.
430 3574 468 3642 dn
494 3573 615 3664 Saript..
635 3596 735 3643 araur.
757 3651 759 3655 ¹
876 3571 1022 3640 Christus
1046 3575 1173 3641 miserat
1196 3575 1228 3642 in
1244 3575 1372 3645 ossibus
1388 3579 1468 3666 ejus.

352 3665 396 3732 lN
423 3666 464 3731 ll.
486 3667 711 3738 NOCTURNO
873 3670 980 3754 Atque
1004 3667 1125 3734 utinam
1157 3667 1335 3736 desolatorii
1376 3669 1469 3738 nobis
1559 3725 1565 3740 .

280 3756 328 3824 De
350 3757 503 3827 Sermone
527 3761 558 3828 S.
583 3757 733 3829 Bernardi
764 3757 830 3825 Ala
874 3759 947 3840 sint,
970 3767 1195 3836 consumentes
1233 3772 1265 3830 et
1298 3770 1480 3832 exurentes
1520 3783 1523 3788 “

124 3904 125 3917 ,
232 3847 325 3916 batis.
348 3851 386 3918 ln
416 3849 536 3942 Vipilia
561 3855 597 3922 S.
621 3853 774 3934 Andreae,
791 3851 827 3920 in
873 3851 1031 3943 quidquid
1057 3855 1089 3922 in
1112 3853 1206 3924 nobis
1245 3865 1294 3926 est
1331 3856 1467 3937 carnalis
1504 3929 1506 3936 ,

233 3943 320 4011 Med.
872 3943 1047 4014 allectionis
1065 3949 1072 4014 l
1422 3957 1425 3962 “

477 4039 560 4108 dect.
576 4059 616 4109 tr.
765 4064 768 4069 ⁴
916 4043 950 4121 d.
973 4038 1003 4108 0
1026 4037 1111 4110 bona
1133 4060 1223 4110 crux.
1307 4081 1309 4088 ·

294 4139 390 4200 uanta
432 4132 623 4204 exultatione
661 4133 829 4202 universae
1120 4131 1256 4203 Lect'rr.
1290 4187 1292 4190 -

235 4231 339 4295 terrae
367 4224 594 4307 celebrandum
610 4236 714 4308 mutae
737 4227 827 4298 novi·
877 4178 1016 4311 Plane,
1043 4225 1135 4298 beate
1153 4219 1295 4316 ludina,
1331 4253 1465 4324 granum
