3584 5034
315 557 358 628 ih
654 573 657 582 ’
740 553 875 620 Festa.
892 554 1109 626 renuuntur
1143 584 1147 591 ’

311 667 374 734 bus
386 666 427 734 ad
443 671 551 752 vitam,
562 691 652 759 uuae
668 687 742 735 vera
759 669 825 734 vita
841 678 899 750 est,
946 667 1013 750 vid,
1029 679 1061 736 et
1077 688 1176 761 super
1199 665 1388 736 habitatores
1404 670 1533 736 Jerusa-

309 780 375 828 non
408 763 551 830 intratur.
576 762 634 830 lile
660 761 810 850 sanguis,
835 764 893 851 qui
940 761 1003 832 lem
1026 761 1171 852 spiritum
1196 761 1325 850 gratiae,
1342 771 1374 830 et
1396 782 1533 852 precum

310 853 402 922 fusus
425 865 483 936 est,
496 858 541 922 .i·u
565 857 784 932 remissionem
808 854 900 923 susus
945 853 966 897 '¹‘
991 864 1023 922 et
1038 854 1189 944 aspicient
1205 852 1246 922 ed
1264 875 1325 936 me,
1342 876 1439 944 quem
1455 875 1535 922 cou-

310 957 358 1020 est
381 947 596 1038 peecatorum.
621 952 715 1038 Aqua
737 947 791 1015 iila
816 949 903 1017 salu·
949 946 1096 1016 fixerunt.
1537 1008 1541 1017 .

287 1042 385 1108 ·taris
408 1052 562 1132 temperat
583 1042 747 1132 poculum,
773 1040 850 1108 baec
867 1051 900 1109 et
991 1039 1020 1106 ri.
1044 1042 1084 1107 Et
1105 1039 1256 1130 plangent
1295 1061 1370 1107 eum
1404 1038 1544 1130 planctu·
1663 1098 1664 1117 ,

187 1199 191 1208 .
308 1134 471 1202 lavacrum
484 1135 628 1226 praestat,
645 1144 676 1203 et
691 1145 811 1224 potum.
829 1133 899 1201 Hoc
945 1133 1038 1224 quasi
1050 1155 1159 1224 ,super
1183 1133 1393 1221 unigenitum.
1404 1134 1539 1225 Etaspi-

307 1226 665 1318 praenuntiabat-quod
679 1229 746 1294 Noe
761 1229 795 1292 in
821 1226 896 1294 tate·
917 1231 919 1234 ’
943 1231 1039 1296 cient.
1066 1227 1181 1296 Gloria.
1205 1228 1245 1292 Et
1267 1229 1432 1316 aspicient.
1528 1260 1533 1269 ·

193 1319 195 1324 ’
309 1342 343 1388 re
366 1325 484 1388 Areae·
503 1323 619 1388 ostium
656 1321 760 1386 iacere
781 1319 928 1408 jussusr
988 1324 1026 1388 In
1045 1318 1297 1408 Orredrcpesimo
1311 1319 1542 1388 omittiturlX·
1663 1324 1664 1351 ¹

308 1424 367 1494 est,
384 1435 450 1503 quo
468 1416 616 1482 iutrarent
639 1413 796 1492 animalia,
814 1435 897 1500 quae
946 1413 1062 1494 Lectio,
1089 1426 1117 1482 et
1142 1415 1208 1503 ejus
1231 1414 1296 1481 ioco
1319 1413 1433 1501 iupiter
1473 1415 1537 1481 Ho-

309 1529 372 1572 non
397 1519 486 1574 eraut
509 1507 629 1574 diluvio
659 1508 808 1594 peritura,
825 1510 898 1597 qui·
944 1508 1039 1576 mitia
1061 1505 1160 1598 feriae
1185 1505 1348 1576 currentis.

308 1599 369 1676 bus
394 1598 590 1688 figurabatur
614 1599 765 1666 Ecclesia.
1162 1602 1245 1668 Lect.
1272 1619 1314 1666 rx.

355 1703 386 1777 d.
415 1695 508 1760 Facta
530 1704 605 1760 sunt
628 1681 727 1774 haec,
752 1703 788 1759 ut
811 1693 897 1761 Scri-
943 1647 1046 1759 Bne
1070 1693 1248 1763 testimonia
1286 1689 1327 1756 de
1361 1690 1538 1782 seripturis

307 1795 400 1876 ptura
425 1786 619 1880 impieretur:
645 1807 682 1853 os
722 1807 785 1854 non
811 1807 899 1855 conr·
947 1785 1079 1874 singulis
1104 1782 1251 1874 reddidit,
1279 1783 1370 1871 quasi
1388 1783 1470 1850 facta
1487 1785 1538 1852 iu-

308 1881 457 1948 miuuetis
480 1903 520 1946 ex
544 1901 592 1948 ee.
633 1881 671 1946 Et
694 1882 808 1948 iterum
836 1882 899 1948 alia
946 1881 1053 1956 issent,
1079 1877 1224 1943 narravit.
1248 1875 1328 1942 Nam
1345 1876 1423 1964 quia
1446 1875 1538 1944 dixe·
1663 1946 1664 1971 ζ

308 1975 472 2065 Scriptura
506 1972 592 2041 dicit:
625 1972 646 2016 ³¹⁶
682 1973 836 2040 videbunt
867 1975 897 2039 in
946 1982 1003 2038 rat:
1027 1969 1068 2036 ad
1094 1972 1203 2036 Jesum
1238 1977 1346 2034 autem
1379 1989 1454 2036 cum
1482 1991 1536 2036 ve·

308 2088 405 2156 quem
431 2065 663 2134 transfixerunt.
946 2063 1088 2142 nissent,
1113 2071 1149 2129 ut
1187 2059 1337 2129 viderunt
1376 2083 1450 2130 cum
1470 2063 1540 2151 jam

353 2163 381 2228 ri.
400 2157 567 2226 Effundam
578 2179 676 2248 super
687 2155 819 2221 domum
832 2158 893 2222 Da·
942 2165 1116 2235 mortuum,
1133 2175 1197 2221 non
1210 2154 1371 2243 fregerunt
1382 2157 1452 2243 ejus
1464 2177 1538 2222 cru-

308 2253 373 2331 vid,
397 2263 428 2320 et
452 2272 549 2340 super
575 2249 766 2316 habitatores
806 2251 899 2316 Jeru-
947 2273 990 2316 ra:
1011 2249 1052 2316 ad
1077 2249 1138 2315 boc
1160 2249 1296 2339 pertinet
1312 2250 1537 2317 testimouium:

309 2345 407 2412 salem
432 2345 577 2432 spiritum
601 2343 741 2432 gratiae,
768 2351 801 2410 et
823 2365 896 2434 pre·
943 2363 980 2410 os
996 2364 1061 2410 uon
1078 2343 1302 2409 comminuetis
1319 2363 1358 2409 ex
1374 2362 1422 2409 eo:
1448 2341 1538 2430 quod

308 2459 395 2504 cum.
420 2435 589 2522 Videbunt.
709 2509 711 2514 ,
833 2485 836 2492 .
946 2446 1152 2527 praeceptum
1176 2443 1225 2500 est
1247 2427 1305 2513 eis,
1322 2435 1377 2523 qui
1396 2435 1537 2501 celebra-

518 2531 601 2598 Lcct.
625 2549 689 2595 rur.
947 2552 982 2596 re
1000 2529 1119 2595 Pascha
1138 2529 1221 2616 jussi
1236 2536 1321 2606 suut,
1338 2527 1409 2594 ovis
1426 2526 1539 2592 immo

310 2575 477 2715 Propter
500 2621 562 2690 boc
597 2622 710 2690 mulier
748 2621 833 2690 iacta
851 2631 901 2690 est
947 2622 1077 2702 latione,
1102 2621 1133 2686 in
1158 2620 1253 2686 veteri
1272 2619 1352 2708 lege,
1377 2621 1541 2708 quesno-

311 2711 351 2784 de
374 2717 473 2787 latere
497 2718 558 2784 viri
580 2715 777 2796 dormientis,
793 2727 825 2784 et
842 2737 898 2805 ap·
945 2716 1079 2782 minicae
1112 2712 1273 2780 Passionis
1306 2710 1422 2779 umbra
1447 2733 1540 2802 prae·

309 2811 426 2900 peltata
450 2819 498 2878 est
521 2812 595 2889 vita,
620 2821 785 2898 materque
808 2809 897 2876 vivo·
942 2817 1091 2876 cesserat.
1116 2804 1209 2876 Unde
1234 2805 1356 2873 Pascha
1394 2817 1541 2874 uestrum

307 2922 620 2991 rum,maguumque
631 2902 766 2989 signavit
777 2899 899 2970 bonum
947 2901 1133 2968 immutatus
1157 2908 1205 2967 est
1228 2897 1393 2980 Christus·
1408 2897 1540 2989 dequo

308 3005 381 3064 ante
425 3016 574 3083 maguum
617 2995 897 3083 praevaricationis
944 2995 1042 3062 lsaias
1056 2991 1212 3085 Propheta
1227 2991 1455 3060 dixeratzsicut
1468 2994 1539 3059 ovis

307 3087 437 3170 malum,
464 3097 495 3154 et
518 3084 681 3154 secundus
705 3085 834 3166 Adam,·
849 3089 899 3152 in·
945 3087 986 3154 ad
1011 3088 1203 3155 occisionem
1227 3083 1346 3152 ductus
1368 3094 1425 3152 est.
1455 3085 1538 3151 Item

307 3181 425 3250 clinato
441 3181 556 3270 capite,
572 3179 605 3245 iu
619 3197 717 3246 cruce
738 3176 898 3258 dormivit,
946 3182 1025 3269 quia
1046 3179 1266 3268 subjunxerat,
1284 3177 1404 3245 diceus:
1424 3175 1481 3244 sed
1501 3199 1540 3242 u·

306 3286 343 3342 ut
365 3273 440 3344 inde
474 3273 664 3342 formaretur
703 3271 734 3338 ei
758 3270 895 3358 Conjux,
943 3295 1006 3340 nus
1029 3273 1165 3339 militum
1202 3272 1326 3337 Lancea
1359 3270 1441 3337 latus
1466 3269 1536 3357 ejus

305 3389 390 3457 quae
413 3366 454 3435 de
477 3367 574 3434 latere
590 3363 776 3432 dormientis
803 3361 894 3432 efflu-
943 3366 1077 3457 aperuit,
1101 3364 1215 3432 adhoc
1240 3363 1375 3454 pertinet
1402 3361 1539 3430 alterum

306 3463 361 3528 xit.
387 3461 416 3528 0
441 3480 536 3540 mors,
559 3457 647 3526 uude
669 3458 785 3524 mortui
812 3459 894 3526 revi-
942 3460 1167 3527 testimouium:
1192 3454 1348 3523 videbunt
1372 3453 1405 3520 iu
1440 3477 1539 3544 quem

305 3555 449 3622 viscunt!
468 3551 618 3643 quidiste
634 3551 787 3640 sanguiue
803 3575 896 3618 mun·
942 3551 1178 3618 transfixerunt.
1201 3547 1264 3619 Ubi
1289 3548 1468 3640 promissus
1491 3560 1540 3618 est

307 3646 492 3737 dius‘iquid
506 3645 702 3714 v'uinereisto
713 3644 895 3712 salubrius?
945 3645 1105 3723 Christus,
1130 3645 1163 3709 in
1187 3664 1243 3722 ea,
1271 3663 1335 3731 qua
1367 3641 1540 3711 crucifixus

306 3741 390 3809 facta
414 3750 488 3808 sunt
510 3742 594 3807 euim
621 3737 709 3820 baec,
734 3739 900 3828 inquitet
947 3734 1008 3818 est,
1032 3756 1128 3804 carue
1150 3745 1315 3804 venturus.

311 3836 474 3927 Scriptura
485 3833 677 3924 impleretur:
689 3851 726 3898 os
738 3851 801 3898 non
814 3851 903 3898 oom-
996 3831 1039 3899 Te
1061 3831 1175 3898 Deum.

311 3930 464 3996 minuetis
499 3949 538 3995 ex
570 3945 619 3994 eo.
646 3926 684 3992 Et
701 3925 814 3992 iterum
838 3924 903 3992 alia
1127 3924 1182 3990 AD
1208 3922 1367 3991 LAUDES

310 4021 472 4112 Scriptura
488 4019 572 4087 dicit:
589 4015 786 4087 Videbuntin
802 4040 900 4108 quem
994 4014 1118 4106 Antiph.
1142 4017 1233 4085 Unus
1256 4015 1392 4083 militum
1416 4013 1539 4081 Lancea

311 4112 544 4182 transfixerunt.
946 4110 1029 4179 latus
1052 4112 1122 4199 ejus
1160 4111 1296 4201 aperuit,
1319 4120 1352 4176 ct
1384 4107 1537 4176 contiuuo

355 4210 387 4288 h.
404 4205 571 4276 Effundam
582 4227 680 4301 super
690 4203 822 4277 domum
836 4207 899 4275 Da·
945 4207 1046 4277 exirit
1067 4203 1208 4296 sanguis,
1231 4212 1264 4273 et
1279 4221 1373 4294 aqua.
