3584 5034
123 1144 132 1202 t

864 636 908 672 ,m

508 753 816 826 nusotttttoruts
833 755 883 824 ut
899 750 1223 822 BENEDICTIONES

548 870 707 920 ursum
722 869 803 918 nuru
820 867 988 918 ulteriores
1003 867 1035 914 ru
1052 867 1179 916 ereneus
1201 918 1205 926 ,

662 967 664 979 ·
705 963 811 1012 uersu
835 959 1019 1012 uerterunt.

367 1039 404 1104 In
428 1035 542 1106 Primo
566 1039 726 1109 Nocturne
1016 1036 1053 1102 ln
1076 1033 1165 1124 tertie
1189 1037 1344 1105 Noctenn

466 1130 625 1200 Absolutt'o
901 1177 905 1182 -
1104 1127 1263 1197 Absolutt'o

297 1219 419 1291 Exaudi
447 1223 580 1291 Domine
611 1227 687 1292 Jesu
707 1221 828 1291 Christe
922 1226 947 1287 A
968 1220 1103 1288 vinculis
1122 1232 1326 1310 peccatorum
1352 1229 1477 1286 nostro-

251 1336 554 1410 preces=serv0rum
571 1328 710 1397 tuorum,
734 1327 766 1384 et
789 1317 846 1382 mi·
893 1337 966 1380 rum
983 1313 1128 1381 absolvat
1150 1337 1209 1383 nos
1233 1315 1432 1405 omnipotens
1448 1323 1480 1380 et

250 1407 484 1490 sereremus,
510 1409 566 1500 qui
594 1431 668 1480 eum
694 1411 784 1478 Patre
808 1419 840 1476 et
887 1407 1066 1476 misericors
1088 1407 1252 1477 Dominus.
1285 1411 1317 1483 tt.
1342 1412 1454 1475 Amen.
1541 1402 1545 1410 ’

251 1503 372 1595 Spiritu
397 1512 507 1570 sancto
531 1502 612 1570 vivis
628 1513 660 1572 et
681 1523 795 1590 regnas
811 1504 845 1570 in
1076 1499 1311 1578 Benedictiones

251 1593 381 1668 saecuta
403 1595 615 1664 saeculorum.
638 1602 671 1680 rt.
695 1599 806 1662 Amen.
891 1595 923 1660 7.
947 1593 1137 1683 Evangelica
1153 1594 1247 1662 lectio
1263 1595 1303 1661 sit
1319 1592 1412 1660 nobis
1429 1613 1480 1660 sa·

439 1687 674 1758 Benedietr'oues
911 1687 975 1766 ius,
999 1697 1032 1754 et
1054 1687 1217 1778 protectio.
1241 1693 1273 1768 d.
1298 1692 1409 1754 Arnen.
1461 1686 1466 1692 ’

256 1784 284 1849 t.
306 1779 528 1852 Benedictione
566 1793 720 1874 perpetua
743 1781 839 1850 bene·
887 1781 919 1846 8.
943 1779 1091 1846 Divinum
1099 1781 1251 1847 auxilium
1261 1790 1478 1848 maneatsem·

278 1872 362 1944 dicat
383 1894 444 1943 nos
467 1875 560 1944 Pater
582 1883 742 1948 aeternus,
913 1892 972 1964 per
995 1871 1172 1939 nobiscum.

323 1976 357 2054 rt.
381 1972 495 2036 Amen.
604 1995 614 2016 τ
960 1969 992 2046 d.
1017 1969 1129 2034 Amen.

254 2062 285 2130 2.
309 2060 496 2150 Unigenitus
518 2061 576 2130 Dei
599 2061 698 2129 Filius
709 2081 769 2129 nos
784 2061 839 2129 be·
888 2060 919 2125 9.
943 2056 992 2124 Ad
1018 2059 1200 2126 societatem
1226 2060 1344 2127 civium
1366 2079 1480 2150 super-

272 2153 436 2234 nedieere,
460 2163 492 2221 et
513 2153 663 2245 adjuvare
686 2153 842 2246 dignetur.
911 2170 1027 2226 uorum
1057 2152 1221 2244 perducat
1236 2174 1294 2221 nos
1326 2154 1392 2222 Rex
1415 2160 1481 2217 An-

326 2244 360 2324 d.
384 2243 495 2314 Amen.
538 2295 542 2304 .
916 2244 1070 2334 gaiorum.
1175 2305 1179 2312 .

123 2305 126 2351 :
256 2339 288 2408 3.
310 2339 446 2432 Spiritus
461 2339 560 2407 saneti
575 2339 673 2429 gratia
689 2338 843 2410 illuminet
891 2338 933 2406 Si
959 2337 1105 2428 Officium
1126 2341 1161 2428 fit
1176 2341 1213 2408 de
1234 2299 1350 2421 saneto,
1374 2349 1482 2408 octaua

279 2453 405 2514 sensus,
430 2442 463 2500 et
484 2429 583 2502 eorda
606 2443 722 2503 nostra.
1056 2432 1238 2503 Benedictio
1253 2432 1321 2502 erit.

124 2574 127 2587 .
245 2605 250 2616 Ι
325 2525 358 2604 d.
384 2529 497 2594 Amen.
892 2523 993 2613 Cujus
1016 2525 1132 2593 festum
1164 2527 1300 2594 colimus
1329 2527 1407 2616 ipse,
1432 2527 1482 2594 uei

362 2619 553 2688 insecundo
576 2619 742 2690 Noeturuo.
825 2647 828 2656 ¹
888 2617 959 2707 ipsa
982 2617 1156 2684 intercedat
1171 2640 1229 2707 pre
1250 2618 1343 2687 nobis
1359 2617 1401 2685 ad
1416 2617 1482 2685 Do·
1566 2657 1571 2668 ·

472 2712 630 2781 Absolutt'o
891 2712 1023 2777 minum.
1047 2717 1080 2792 rt.
1102 2713 1213 2778 Amen.

301 2803 407 2895 Ipsius
440 2805 540 2894 pietas
566 2815 598 2872 et
622 2803 839 2873 misericordia
930 2803 1061 2883 Ουαηάο
1085 2814 1156 2870 sunt
1175 2805 1284 2893 piures
1307 2801 1434 2872 dieitur.

256 2914 317 2966 nes
328 2895 468 2984 adjuvet,
486 2895 542 2985 qui
558 2914 631 2962 eum
639 2897 768 2964 Patreet
779 2897 848 2988 Spi-
892 2895 1041 2976 Quorum
1065 2897 1115 2964 vet
1137 2914 1273 2988 quarum
1297 2898 1411 2965 festum
1428 2915 1483 2966 eo-

257 2988 322 3056 ritu
357 2997 482 3058 saneto.
509 2988 587 3055 vivit
608 2998 640 3057 at
670 2997 780 3080 regnat
810 2989 841 3056 in
888 2988 985 3056 limus
1009 2988 1078 3080 ipsi,
1101 2984 1150 3058 eet
1174 2993 1262 3083 ipsae
1285 2989 1482 3060 intercedant

256 3077 389 3150 saecula
413 3073 623 3150 saeculorum.
667 3083 670 3088 '
886 3102 949 3176 pro
973 3081 1066 3150 nobis
1089 3083 1131 3150 ad
1154 3086 1336 3154 Dominum.

264 3219 267 3224 -
327 3182 361 3262 [t.
386 3176 498 3244 Amen.
865 3173 868 3180 '
965 3181 999 3258 rt.
1022 3180 1134 3246 Amen.
1201 3241 1205 3249 ,
1312 3177 1316 3184 ’

442 3265 678 3343 Benedietr'ones
926 3267 969 3337 Si
993 3268 1138 3358 Officium
1160 3272 1195 3358 fit
1218 3272 1256 3338 de
1281 3272 1316 3338 S.
1341 3268 1453 3338 Maria
1475 3333 1479 3341 ,
1503 3294 1505 3299 ·

260 3359 292 3425 t.
315 3357 402 3428 Deus
412 3360 509 3430 'Pater
524 3361 723 3453 omnipotens
740 3362 780 3430 sit
788 3380 845 3430 no·
984 3435 989 3442 .
1048 3361 1228 3430 Benedictio
1248 3362 1327 3445 erit.

281 3449 331 3519 bis
353 3453 509 3546 propitius
531 3463 564 3523 et
586 3454 734 3524 clemens.
891 3453 990 3542 Cujus
1014 3452 1131 3521 festum
1147 3455 1287 3524 colimus
1301 3457 1371 3549 ipsa
1387 3457 1482 3546 Virgo

328 3543 361 3622 ti.
384 3550 496 3616 Amen.
825 3547 826 3554 ’
891 3545 1049 3635 virginum
1065 3547 1240 3618 intercedat
1253 3571 1313 3642 pro
1335 3549 1427 3621 nobis
1443 3549 1484 3615 ad

262 3639 293 3703 5.
318 3635 460 3708 Christus
488 3652 662 3734 perpetuae
685 3640 739 3710 det
758 3638 851 3710 uobis
897 3639 1077 3706 Dominum.
1102 3648 1136 3726 d·
1159 3646 1270 3712 Amen.

281 3727 399 3822 gaudia
420 3733 511 3803 vitae.
917 3730 959 3799 Si
982 3732 1014 3798 in
1036 3733 1150 3804 ultima
1173 3737 1300 3808 lectione
1323 3735 1485 3824 lependum

331 3823 364 3901 tt.
389 3826 499 3893 Amen.
893 3823 1039 3894 sr‘tetiud
1062 3829 1269 3918 Evanpetinm
1285 3851 1355 3899 eum
1372 3828 1483 3895 Hemi-

262 3917 293 3987 6.
315 3913 426 4010 Ignem
457 3919 507 3985 s'ui
541 3920 658 3988 amoris
697 3915 850 3989 accendat
889 3918 943 3986 ‘lia
957 3941 1039 3988 nette
1051 3921 1231 3993 Benedictio
1239 3921 1483 4003 eritperitvan-

285 4009 374 4082 Deus
390 4008 421 4076 iu
437 4010 588 4104 curdilrus
610 4014 736 4110 uostris.
896 4012 997 4100 gelica
1018 4011 1102 4082 dieta
1118 4015 1283 4086 deleantur
1299 4022 1406 4105 nestra
1427 4015 1482 4084 de-

129 4107 132 4128 ²
247 4159 249 4164 .
332 4111 366 4186 a.
390 4106 513 4171 Amen..
897 4105 978 4174 licta
1002 4116 1034 4194 13.
1059 4113 1161 4176 Amen

262 4194 453 4266 uouttttu
475 4235 490 4248 ·
515 4199 599 4286 Offie.
621 4201 780 4269 Immeeut.
807 4201 947 4288 Concept.
959 4202 997 4266 B.
1013 4203 1059 4268 M.
1082 4192 1322 4269 urecitandum
1340 4201 1400 4268 sub
1418 4199 1482 4266 ritu
1605 4281 1610 4292 .

266 4285 375 4360 -emid
392 4288 536 4380 quolibet
550 4290 689 4360 Sabbato
706 4314 770 4361 non
787 4289 941 4382 impedite
955 4291 1069 4359 Officio
1090 4313 1204 4398 novem
1231 4296 1314 4364 Leet.
1343 4292 1481 4383 exepptis

133 4403 134 4410 ¹
267 4379 401 4454 ..duent
416 4385 508 4468 Quat.
526 4386 632 4479 Temp.
650 4386 738 4478 vigit.
756 4397 788 4457 et
802 4381 959 4472 Quadrag.
977 4435 982 4444 .
1007 4443 1013 4452 .
