3584 5034
310 598 354 670 34
736 597 863 666 busun
887 599 1105 680 cuondam}
1386 594 1395 634 ⁸

305 709 468 788 suavitatis
490 709 615 780 fructus
636 707 747 780 afferre
760 712 902 795 debuit„
938 714 1031 803 Ergo,
1049 715 1170 798 iratres,
1183 715 1297 800 videto,
1310 741 1351 788 ne
1362 723 1457 790 vinea
1473 746 1534 795 ve·-

305 803 467 894 spinarum
490 804 583 886 illum,
602 807 769 896 asperitate
802 827 891 875 corn-
938 817 1073 882 stranon
1082 811 1236 891 uvas,sed
1248 815 1356 904 spinas
1370 816 1473 900 faeiat,
1485 841 1527 887 ne

304 899 452 984 punxerit
476 899 483 964 l
507 899 576 966 Hoc
600 910 657 966 est:
682 920 757 968 cum
772 900 894 972 ludaei
940 899 1101 968 vindemia
1125 914 1228 970 vestra
1252 928 1316 975 non
1344 909 1452 976 vinum
1479 913 1534 983 al-⁴

303 989 498 1061 salvatorem
524 991 704 1060 debuerunt
727 1003 792 1060 tota
815 993 889 1064 fidei
936 992 1025 1074 ierat,
1043 994 1099 1062 sed
1116 1007 1250 1064 acetum.
1268 1001 1421 1091 Quisquis
1439 1006 1523 1083 enim

304 1080 471 1152 devotione
517 1086 689 1176 suscipere,
714 1087 891 1175 ¹spinarum
937 1086 1129 1154 vindemiam
1153 1089 1237 1177 legit,
1260 1103 1292 1160 et
1329 1097 1535 1186 pauperibus.

301 1198 375 1246 eum
388 1190 622 1249 coronaverunt
633 1181 786 1271 passione.
800 1180 889 1258 Quae
938 1200 1004 1245 non
1026 1179 1167 1269 largitur,
1186 1183 1238 1252 ille
1253 1196 1378 1254 acetum
1395 1190 1523 1280 colligit,

302 1271 427 1338 Corona
442 1272 582 1363 quidem,
600 1284 755 1362 quantum
778 1271 809 1336 in
833 1274 888 1338 Ju—
935 1293 999 1339 non
1041 1275 1158 1342 viuum.
1198 1279 1350 1368 Quisquis
1405 1305 1535 1352 messes.

300 1363 387 1433 dacis
400 1375 460 1448 cst,
476 1378 543 1435 erat
568 1366 751 1454 injuriarum
774 1375 887 1431 contu·
934 1365 1097 1449 recondit,
1138 1379 1170 1436 et
1209 1372 1421 1460 indigentibus
1460 1399 1525 1447 non

212 1475 214 1480 ·
301 1459 404 1540 melia;
421 1473 576 1551 quantum
600 1460 631 1526 in
653 1459 798 1538 Domino,
821 1468 888 1526 crat
935 1461 1099 1542 ministrat,
1124 1463 1181 1531 iste
1199 1466 1436 1546 nonalimooiae
1451 1470 1527 1537 lrussi

301 1551 425 1620 Corona
462 1555 641 1623 virtutum«
662 1553 890 1642 compungunt
936 1564 1008 1620 ctus
1016 1555 1148 1642 reponit,
1161 1557 1218 1624 sed
1235 1557 1368 1627 tribulos
1376 1563 1525 1632 avaritiae

301 1665 377 1734 ergo
388 1645 499 1714 ludaei
511 1646 692 1726 Dominum,
706 1645 782 1712 dum
795 1666 887 1716 coro·
934 1656 1114 1734 congregat.
1152 1651 1241 1733 Nam,
1273 1664 1441 1742 propterea
1480 1657 1525 1725 ait

300 1748 387 1819 nant;
405 1751 635 1830 compungunt,
660 1738 738 1807 dum
761 1739 889 1808 crucifi·
936 1741 1102 1829 scriptura:
1129 1739 1275 1809 deterre
1313 1755 1418 1812 vestra
1455 1751 1521 1838 spi·

299 1842 388 1916 gunt.
408 1833 562 1904 Undeait
586 1834 749 1924 Scriptura
772 1845 889 1902 sancta:
936 1854 1004 1915 nas,
1028 1841 1060 1898 et
1083 1831 1216 1900 tribulos
1241 1837 1429 1922 germinabit
1452 1841 1527 1907 tibi.

301 1921 469 2010 Videbunt,
482 1929 888 2018 inquemcompunxerunt.
981 1926 1014 2001 tl.
1037 1925 1134 1992 Vinea
1157 1928 1368 2022 meaeleota,
1390 1951 1452 2020 ego
1490 1942 1522 2001 te

325 2023 379 2100 'rt
403 2020 523 2089 Omnes
546 2022 638 2088 amici
662 2022 723 2088 mei
746 2018 882 2090 derelin-
928 2018 1075 2111 plantavi:
1099 2015 1121 2060 '¹⁵
1152 2019 1322 2100 Quomodo
1363 2044 1531 2117 conversa.
1657 2042 1658 2053 ¹

298 2125 439 2200 querunt
468 2135 529 2196 rne,
570 2124 601 2182 et
640 2113 887 2202 praevaluerunt
931 2134 968 2182 es
983 2111 1014 2177 in
1030 2112 1284 2196 amaritudinem,
1300 2123 1337 2183 ut
1354 2137 1405 2192 me
1421 2118 1521 2209 spinis

298 2205 480 2292 insidiantes
535 2205 621 2288 mihi;
666 2204 794 2272 tradidit
823 2226 884 2287 me,
936 2208 1126 2275 coronares?

296 2319 396 2387 quem
432 2294 648 2387 diligebam*
675 2298 715 2364 Et
740 2297 887 2366 terribili-
978 2297 1009 2368 tl.
1033 2300 1139 2389 Sepivi
1162 2310 1204 2381 to,
1227 2262 1349 2392 lapides
1372 2302 1455 2392 elegi
1479 2257 1532 2372 on⁴
1657 2346 1658 2353 .

297 2387 361 2458 bus
385 2392 497 2473 oculis,
521 2393 614 2484 plaga
653 2390 774 2461 crudeli
813 2412 886 2482 per·
934 2399 976 2474 te,
986 2401 1019 2458 et
1031 2393 1196 2460 aedificavi
1209 2396 1330 2461 turrim.
1348 2396 1533 2476 Quomodo,

295 2485 462 2567 cutientes,
485 2484 736 2560 subsannabant¹
753 2507 813 2552 me.
928 2506 1092 2555 conversa.
1105 2486 1211 2554 Gloria
1228 2487 1320 2553 Patri.
1336 2488 1518 2566 Quomodo.

311 2625 315 2648 .
343 2579 372 2647 l.
395 2578 482 2648 Inter
519 2580 646 2671 iniquos
680 2581 882 2670 projecerunt
1026 2579 1071 2646 IN
1094 2580 1149 2646 lll.
1179 2579 1402 2648 NOCTURNO

296 2691 358 2754 me,
385 2685 417 2743 et
440 2694 504 2741 noo
527 2685 739 2766 pepercerunt
758 2672 882 2742 animae
974 2671 1099 2762 Antiplr.
1121 2673 1258 2740 Gravata
1273 2683 1322 2740 est
1343 2695 1442 2764 snper
1465 2696 1518 2743 me

295 2786 395 2835 meae.
419 2769 458 2836 Et
480 2767 682 2836 terribilibus.
710 2817 713 2828 .
929 2785 1043 2833 manus
1066 2775 1132 2847 tua,
1161 2784 1339 2834 conversus
1372 2789 1445 2835 sum
1488 2769 1522 2838 iu

516 2863 598 2930 Lect.
622 2881 663 2928 rr.
856 2905 859 2922 .
929 2879 1083 2928 aerumna
1098 2879 1192 2941 mea,
1230 2859 1311 2926 dum
1349 2859 1522 2951 configitur

295 2908 429 3042 Igitur,
467 2952 590 3031 fratres,
629 2951 734 3020 videte
773 2974 813 3021 ne
851 2962 885 3022 et
930 2953 1030 3044 spina.
1458 2968 1473 3014 .·

294 3046 387 3117 nobis
410 3045 542 3114 dicatur.
567 3046 718 3126 Sustinui,
745 3046 881 3114 utlace·
976 3045 1261 3114 malesuasae
1271 3047 1521 3122 Dominoeantis

292 3153 472 3222 securam,
513 3138 584 3208 lecit
622 3148 728 3209 autem
763 3133 881 3228 'spinas3
929 3156 1003 3203 curn
1042 3157 1173 3205 novum:
1197 3137 1219 3177 *
1235 3148 1359 3208 cantate
1380 3141 1519 3213 Domino

293 3235 355 3303 boo
378 3246 435 3305 est:
453 3255 493 3303 ne
511 3235 628 3325 spinas,
649 3253 730 3324 ques
745 3233 881 3298 Domino
929 3229 1032 3296 omnis
1056 3239 1138 3298 terra
1160 3252 1240 3298 cum.
1263 3231 1319 3298 rel.
1345 3230 1439 3319 posit.
1481 3230 1519 3300 io

293 3328 406 3398 ludaei
422 3329 559 3396 cruentis
577 3329 797 3419 imposuerunt
816 3345 883 3392 nra·
930 3324 961 3391 2.
987 3324 1074 3394 Noct.
1098 3325 1136 3391 de
1159 3346 1234 3390 com.
1259 3323 1345 3412 Virp.

291 3420 398 3504 nibus,
422 3441 482 3490 nos
511 3421 627 3510 iniquis
657 3418 802 3488 sensibus
826 3439 882 3510 ap·
951 3416 1076 3506 Antr'plr
1094 3418 1198 3507 Caput
1212 3416 1364 3483 circuitus
1389 3437 1516 3502 eorum,

292 3537 461 3608 ponamus
478 3525 509 3584 et
524 3533 777 3604 compungamus
806 3533 880 3579 eum
926 3507 1017 3578 labor
1041 3508 1198 3581 labiorum
1221 3511 1364 3601 ipsorum
1393 3515 1519 3604 operiet

292 3630 358 3678 non
382 3608 547 3700 asperitate
564 3607 714 3687 sensium,
730 3604 787 3672 sed
803 3625 880 3695 ope·
926 3623 992 3670 eos.
1018 3675 1024 3684 ‚

179 3687 182 3702 ⁹
291 3725 364 3772 rum
387 3702 548 3795 pravitate.
573 3701 654 3767 Sunt
669 3699 753 3767 enirn
770 3699 879 3789 spinae
975 3698 1092 3765 Psalm.
1117 3699 1171 3764 96.
1188 3697 1343 3777 Dominus
1358 3701 1512 3788 regnavit,

291 3795 408 3877 cordis,
432 3815 516 3887 quae
539 3792 674 3862 verbum
698 3794 754 3861 Dei
785 3793 879 3861 etiam
925 3790 1048 3859 exultet
1070 3801 1162 3860 terra:
1187 3787 1208 3833 *
1232 3791 1389 3861 laetentur
1411 3794 1517 3862 isulae

291 3890 459 3960 vulnerare
482 3895 727 3965 consueverunt,
751 3884 791 3954 de
806 3885 879 3975 qui·
923 3884 1050 3952 multae.
1142 3950 1147 3986 1

290 3981 353 4051 bns
382 3982 523 4052 meminit
545 3981 577 4048 in
600 3979 771 4068 Evangelio
810 3978 879 4046 Sal·
970 3977 1093 4068 Antt'plt
1110 3979 1178 4068 Ego
1194 3975 1268 4047 dedi
1285 3977 1341 4044 tibi
1352 3986 1517 4068 sceptrum

291 4085 393 4156 vator,
417 4075 535 4145 dicens:
559 4073 747 4144 Seminantis
770 4093 880 4141 semen
927 4071 1040 4161 regale:
1064 4083 1096 4141 et
1119 4082 1154 4139 tu
1178 4069 1292 4140 dedisti
1322 4069 1417 4161 copiti
1440 4080 1516 4138 meo

291 4168 444 4238 cecidisse
465 4170 545 4240 inter
559 4169 677 4262 spinas,
695 4178 726 4236 et
741 4166 878 4234 crevisse
925 4165 1065 4258 spineam
1083 4165 1257 4234 Coronam.

287 4285 355 4348 nas,
372 4281 409 4334 ao
421 4259 594 4332 suffocasse
605 4262 802 4358 quodsatum
817 4270 873 4330 est.
945 4312 948 4317 <
970 4259 1110 4330 Psotttl.
1126 4259 1256 4330 &etate
1267 4254 1403 4339 Domino
1414 4257 1520 4336 eapti·

1328 4590 1336 4606 ἱ

1657 3718 1659 3817 l

1657 4220 1658 4279 t

1657 4368 1658 4429 t
