3584 5034
320 615 364 686 et
782 611 918 683 FESTA'-
937 609 1078 683 sinum

317 747 375 820 per
395 727 587 796 ‘vestimenta
616 745 703 805 mea,
740 736 771 796 et
794 727 904 808 omnia
993 733 1036 804 rt:
1058 724 1097 792 Et
1137 722 1265 795 dolores
1283 735 1429 799 ‚nostros
1469 727 1539 820 ipse

318 819 501 892 indumenta
531 839 602 888 mea
631 813 812 910 inquinavi,
834 820 906 888 dies
952 819 1099 910 portavit.
1292 901 1296 906 ³

317 915 402 984 enirn
423 913 599 980 ultionis-in
620 912 718 980 corde
741 933 824 996 meo,
848 935 905 980 en·
951 914 1002 996 De
1010 914 1164 980 Sermone
1175 912 1283 980 Sancti
1298 912 1449 980 Bernardi
1467 909 1540 979 abb

318 1027 380 1074 nus
419 1003 652 1097 Redempttonis
691 1027 780 1075 meae
810 1007 903 1075 venit.
949 1001 1020 1072 Lib.
1043 1007 1081 1074 de
1105 1007 1196 1074 Pasa.
1221 1003 1352 1074 Domini
1380 1028 1448 1096 cap.
1485 1007 1540 1072 tr.

319 1099 558 1189 circumspexi,
581 1109 613 1167 et
636 1119 702 1166 non
726 1109 799 1168 erar
816 1103 906 1166 auxi·
1164 1101 1247 1167 Lect.
1275 1119 1315 1165 rr.
1660 1174 1661 1183 χ

318 1193 431 1273 1ἰιιῐοι·;,
445 1192 598 1282 quaesivi,
616 1191 656 1261 'et
679 1213 742 1260 uon
766 1192 825 1260 init
848 1193 905 1284 qui
954 1145 1098 1284 Captus
1121 1201 1171 1259 est
1210 1195 1314 1272 iesus,
1336 1202 1411 1284 post
1438 1192 1542 1283 piuri-

319 1285 492 1376 adjuvaret·
780 1315 782 1322 ·
954 1308 1023 1355 mas
1047 1285 1211 1352 illusiones
1241 1295 1305 1352 tam
1335 1284 1542 1364 iudaeorum,
1660 1290 1661 1367 ζ

335 1382 396 1454 d.
416 1379 458 1444 in
483 1379 691 1470 primogenito
714 1399 754 1445 ex
771 1379 904 1474 mortuis
953 1403 1052 1471 quam
1074 1377 1233 1459 Gentium;
1265 1388 1338 1471 post
1379 1381 1543 1468 sanguinis

319 1471 513 1563 complacuit
526 1491 653 1539 omnem
677 1472 905 1562 plenitudinem
950 1475 1061 1566 piures
1084 1471 1264 1553 effusiones,
1293 1472 1393 1541 clavis
1410 1473 1441 1538 in
1457 1474 1542 1538 miti·

318 1564 490 1633 divinitatis
503 1563 697 1644 inhabitare,
714 1574 821 1656 etper
835 1587 911 1634 eum
952 1567 1020 1634 ›bus
1045 1563 1192 1632 manibus
1218 1560 1330 1642 simui,⁵
1360 1564 1543 1656 etpedibus

318 1659 512 1728 reconciliari
527 1658 653 1748 somnia
680 1657 712 1725 in
743 1657 903 1749 ipsum*
952 1659 1142 1751 perforatur,
1170 1665 1203 1724 et
1242 1657 1414 1746 configitur
1453 1658 1543 1747 tigno
1660 1686 1661 1733 ι

317 1750 491 1819 Pacificans
513 1771 571 1842 per
585 1752 770 1838 sanguinem
795 1753 907 1820 Crucis
956 1752 1066 1818 Crucis
1078 1750 1224 1817 Salvator
1235 1760 1342 1818 noster
1356 1750 1545 1819 mitissimus
1660 1792 1661 1809 ι

320 1846 405 1934 ejus,
429 1847 497 1911 siva
526 1847 665 1934 quaein
694 1846 812 1930 coelis,
837 1847 905 1914 sive
951 1848 1053 1912 tesus.
1079 1843 1217 1920 Intuere,
1242 1852 1274 1908 st
1296 1844 1420 1933 respice
1437 1863 1544 1910 rosam
1660 1848 1661 1911 i

322 1959 407 2029 quae
432 1939 475 2003 in·
488 1939 578 2009 terris
602 1948 685 2004 sunt.
958 1935 1118 2015 Passionis
1141 1937 1343 2022 sanguineae,
1379 1935 1545 2025 quomodo

369 2033 408 2100 i„
423 2031 498 2122 Ipse
511 2041 560 2098 ost
575 2041 674 2120 caput
696 2031 911 2122 corperisEc·
959 2028 1055 2096 rubet
1078 2029 1110 2094 in
1126 2027 1280 2094 indicium
1306 2026 1545 2096 ardentissimae

321 2122 446 2204 ciesiae,
463 2124 494 2189 in
510 2123 658 2190 omnibus
673 2124 842 2212 primatum
858 2133 905 2192 te·
952 2122 1126 2191 charitatis..
1145 2120 1348 2190 Contendunt
1371 2121 1488 2212 passio,
1512 2133 1546 2190 et

319 2237 408 2284 nens.
448 2215 629 2285 Pacificans.
669 2214 792 2282 Gloria·
815 2217 908 2284 Patri.
954 2214 1099 2283 charitas:
1117 2215 1184 2293 ista,
1207 2225 1243 2282 ut
1254 2214 1465 2307 plus-ardeat,
1481 2214 1546 2296 iila,

324 2307 509 2390 unificans.
693 2347 695 2354 ·
960 2308 1094 2401 utplus
1123 2307 1246 2376 rubeat.

365 2450 370 2459 .
438 2400 481 2466 ΙΝ
506 2400 547 2465 11.
569 2399 792 2472 NOGTURNO
1001 2405 1035 2478 ri.
1058 2403 1120 2470 Per
1136 2412 1270 2469 mortem
1282 2401 1436 2469 destruxit
1451 2403 1546 2469 Jesus

357 2491 493 2582 ,antipa
507 2491 671 2562 Foderunt
684 2515 798 2565 manus
810 2517 908 2577 meas,
955 2518 1040 2575 cum,
1065 2496 1123 2584 qui
1147 2495 1256 2561 mortis
1280 2493 1417 2562 habebat
1446 2494 1546 2584 impe-

322 2598 353 2656 et
375 2585 474 2678 pedes
499 2609 598 2669 meos3
627 2587 911 2660 dinumeraverunt
955 2591 1050 2656 rium:
1075 2588 1096 2629 '¹‘
1120 2587 1162 2657 Ut
1190 2586 1343 2655 liberaret
1381 2606 1449 2668 eos,
1487 2586 1546 2676 qui
1660 2646 1661 2677 ,

323 2682 429 2748 omnia
451 2701 526 2750 ossa
548 2703 627 2752 mea.
800 2725 835 2734 ,.
955 2683 1068 2751 timore
1113 2680 1223 2748 mortis
1276 2678 1406 2748 obnoxii
1456 2688 1547 2748 erant
1660 2700 1661 2703 ’

375 2786 378 2794 ’
434 2811 438 2820 ·
517 2778 637 2846 Psatm.
667 2779 721 2846 21.
959 2774 1113 2845 servituti.

286 2886 291 2894 ’
370 2869 458 2936 Deus
480 2870 568 2936 Deus
591 2892 708 2950 meus,
733 2873 856 2963 respice
881 2873 912 2943 in
1007 2870 1036 2938 i.
1061 2866 1154 2937 Unde
1164 2865 1277 2935 debuit
1290 2888 1349 2960 per
1362 2867 1470 2935 omnia
1485 2866 1549 2935 ira-

321 2979 385 3028 mc:
409 2981 511 3049 quare
532 2983 586 3027 me
608 2962 827 3052 dereliquisti?
960 2963 1065 3032 tribus
1088 2960 1263 3041 assimilari,
1293 2971 1331 3029 ut
1368 2963 1551 3031 misericors

323 3089 326 3099 ·
372 3051 497 3140 Antiph.
521 3057 547 3118 Α
572 3053 679 3144 planta
703 3056 793 3144 pedis
809 3077 914 3146 usque
960 3057 1059 3125 fieret.
1083 3057 1126 3125 Ut
1154 3053 1312 3123 liberaret

197 3237 201 3246 ,
324 3144 366 3213 ad
385 3145 533 3215 verticem
546 3165 610 3214 nnn
624 3154 673 3214 est
690 3145 722 3212 in
735 3151 915 3230 sosanitas.
1185 3148 1268 3215 dect.
1294 3165 1325 3212 r.
1362 3159 1365 3166 '

506 3240 638 3308 rsatm.
670 3241 723 3306 65.
963 3193 1077 3306 Vna
1104 3239 1269 3328 quomodo
1286 3235 1442 3307 hocssore
1456 3255 1552 3306 rosae

372 3332 511 3401 iubilate
525 3333 593 3401 Dec
603 3332 707 3400 omnis
723 3342 816 3412 terra,
827 3333 913 3425 psai-
959 3331 1102 3400 floruerit
1124 3334 1244 3422 optima
1268 3331 1340 3400 vitis
1362 3339 1472 3398 nostra
1494 3352 1554 3399 ru·
1660 3412 1661 3421 ἵ

313 3447 418 3493 mum
439 3426 536 3494 dicite
559 3427 678 3496 nomini
703 3427 783 3517 ejus
850 3475 854 3486 ·
962 3423 1126 3493 bicundus
1146 3427 1248 3492 iesus.
1264 3421 1343 3492 Vide
1357 3434 1461 3492 totum
1479 3444 1555 3494 cor·

315 3563 331 3574 ··
375 3519 500 3608 Aaupt.
530 3519 668 3601 Vulnus,
699 3530 732 3588 et
760 3519 856 3599 livor,
886 3528 920 3589 et
965 3540 1038 3610 pus,
1062 3518 1155 3585 sicuti
1173 3517 1469 3607 rosaesanguineae
1494 3516 1556 3587 tlo-

318 3613 422 3704 piaga
446 3623 571 3680 tumens
595 3632 659 3680 non
683 3622 731 3682 est
759 3612 922 3680 circumii·
967 3633 1033 3680 rem
1057 3630 1121 3679 non
1145 3611 1295 3680 invenias.
1330 3611 1457 3702 Inspice
1486 3633 1555 3680 ma-

328 3716 426 3797 gata,
453 3727 512 3774 nec
548 3714 658 3773 curata
696 3704 916 3789 medicamine,
964 3718 1041 3774 num
1070 3727 1177 3784 unam,
1194 3714 1226 3772 et
1241 3704 1383 3785 aiteram,
1399 3706 1426 3773 si
1442 3703 1555 3774 dorem

324 3819 436 3890 ‚nsque
460 3799 523 3867 icta
547 3800 652 3868 oleos
965 3819 1058 3867 rosae
1080 3819 1145 3865 non
1171 3799 1312 3866 invenias
1341 3801 1375 3866 in
1405 3808 1553 3889 utraque.

527 3893 642 3961 Ptnsm.
666 3894 721 3960 75.
960 3892 1087 3985 Inspice
1110 3890 1223 3984 pedem
1241 3914 1354 3974 unum,
1372 3903 1404 3961 et
1416 3892 1552 3960 aiterum

331 3988 435 4054 Notus
458 3990 491 4054 in
507 3986 628 4056 iudaea
653 3988 747 4056 cens:
764 3988 800 4055 in
823 3986 922 4056 Israel
969 3985 1127 4076 numquid
1153 4005 1216 4052 nnn
1241 3985 1341 4054 rosei?
1367 3985 1490 4075 Inspice
1506 3983 1554 4050 ta-

330 4099 480 4167 magnum
497 4100 622 4149 ‘nornen
645 4082 724 4170 ejus.
967 4085 1043 4147 teris
1067 4089 1258 4170 aperturam,
1288 4081 1364 4170 quia
1402 4096 1461 4144 nec
1503 4075 1556 4145 itta

378 4171 406 4237 θ.
431 4175 510 4244 Vere
525 4176 694 4268 languores
709 4185 835 4246 nostros
853 4174 922 4268 ipsa
967 4185 1054 4242 caret
1078 4193 1160 4251 rosa,
1184 4175 1330 4262 quamvis
1354 4172 1421 4264 ipsa
1436 4167 1557 4244 subru-

323 4264 412 4333 tuiit.
864 4338 869 4346 ,
968 4266 1090 4350 bcasit,
1108 4277 1236 4360 propter
1252 4267 1420 4336 mixturam
1437 4284 1556 4357 aquae,
