3584 5034
305 595 371 666 tan
725 582 1103 678 rustsuucnunnn

300 709 442 786 saecu
483 708 630 786 omniurn
656 705 892 775 ·›neetestarum
930 704 1060 774 colatae
1099 702 1347 794 conceptiones
1372 698 1525 773 amorem

300 813 399 871 mater
420 802 627 890 etmagisca
649 798 745 868 luerit
765 819 888 890 prose⁴
934 797 1097 866 institutis.
1115 797 1184 864 sive
1221 793 1373 883 laudibus
1396 805 1525 874 ¹reorum

299 907 412 987 quuta,
431 891 545 962 'tamen
564 892 812 980 illustriaihujtss
828 894 889 959 Ec·
937 893 1045 983 pietati
1074 887 1195 964 delatis,
1230 889 1287 979 qui
1326 887 1525 968 monasteria,

299 990 414 1057 clasiae
436 985 639 1076 lacta-digua
669 986 763 1077 plane
803 995 889 1066 sunt,
937 983 1145 1064 xenodochia,
1171 983 1291 1061 altaria,
1312 983 1432 1071 templa
1463 977 1526 1047 su'b

298 1102 382 1172 quae
422 1081 605 1148 nominatim
641 1090 888 1159 recenseantur,
935 1077 1132 1146 lmmacnlati
1158 1077 1338 1165 Conceptus
1355 1075 1525 1142 tuotone

299 1194 375 1250 cntn
398 1185 485 1241 unm
507 1175 549 1240 sit
571 1173 714 1262 ejusdem
730 1172 893 1239 Ecclesiae
939 1171 1050 1251 tuerint,
1072 1181 1130 1254 put
1153 1170 1345 1254 sacramenti
1376 1167 1525 1256 religione

299 1265 445 1356 dignitas-
458 1277 557 1357 atque
574 1267 754 1344 auctoritas,
769 1275 891 1355 quauta
936 1264 1119 1354 interposita
1144 1263 1381 1352 Immaculatam
1413 1261 1526 1350 lleipa÷

298 1361 342 1428 illi
366 1362 499 1428 omnino
536 1356 687 1440 debetur,
719 1379 807 1448 quae
841 1367 891 1424 est
938 1378 992 1424 rae
1016 1357 1263 1443 conceptionem
1294 1361 1422 1422 strenue
1453 1373 1529 1446 pro*

281 1453 472 1522 'catholicae
511 1453 650 1521 veritatis
688 1461 721 1518 et
760 1452 889 1518 unitatis
936 1471 1079 1542 pugnare
1102 1449 1341 1541 spoponderint
1522 1475 1525 1480 ·

297 1557 454 1627 centrum,
479 1546 510 1612 iu
536 1567 602 1635 qua
627 1545 696 1612 sola
727 1543 892 1612 inviolati·
937 1581 942 1592 ·=
985 1547 1020 1618 tl,
1041 1542 1123 1610 Nihil
1148 1543 1373 1630 iniquinatum.

298 1651 349 1708 ter.
368 1637 612 1709 tnitenstodtm
637 1637 766 1725 Religio,
792 1647 890 1704 etex
1158 1639 1297 1705 ccccm.

298 1732 528 1822 quatraducem
546 1730 619 1800 lidei
629 1730 770 1819 reliquae
778 1750 890 1798 omues
938 1683 1092 1820 'nsupor
1114 1747 1316 1826 summopere
1332 1726 1435 1794 laetati
1452 1733 1528 1793 snut

299 1825 460 1896 Ecclesiae
480 1826 669 1894 mutuentur
686 1833 818 1914 oportet.
848 1850 850 1855 ·
935 1821 1108 1891 decernere
1137 1820 1355 1910 Concepticnis
1394 1821 1526 1884 Festum

343 1918 467 2007 raEgu
489 1935 531 1986 es
546 1934 602 1986 ore
626 1916 787 1984 altissimi.
866 1955 870 1959 ·
937 1915 979 1982 ab
1003 1918 1088 1982 omni
1118 1914 1258 1981 Ecclesia
1297 1929 1367 1980 esse
1400 1909 1527 1980 uatem

529 2012 613 2079 Lect,
633 2029 662 2075 v.
727 2072 732 2082 ,
941 2009 1018 2075 dum
1043 2007 1155 2076 eodem
1179 2019 1277 2074 censu
1315 2002 1356 2071 ¹ac
1394 2023 1530 2070 numero

300 2052 432 2194 ltaque
450 2098 566 2172 eadem
593 2091 733 2169 humana
749 2099 890 2168 Ecclesia
939 2121 1005 2192 quc
1031 2105 1157 2172 Festum
1176 2100 1362 2176 Natiuitatis,
1381 2095 1534 2185 idemque

300 2197 376 2268 nihil
400 2197 506 2286 potius
531 2193 656 2274 habuit,
692 2215 789 2284 quam
821 2193 887 2260 elo·
935 2195 1160 2285 Concepticnis
1185 2195 1312 2262 Festum
1338 2193 1411 2261 cum
1443 2200 1530 2256 coln*
1663 2279 1664 2284 ἵ

300 2288 515 2378 quentissimis
555 2286 744 2376 quibusque
786 2287 890 2355 modis
938 2311 978 2355 va
997 2288 1043 2367 ¹al)
1075 2289 1222 2354 universa
1262 2282 1405 2352 Ecclesia
1445 2281 1528 2350 ‹tele-¹

299 2379 889 2470 lmrnaoulatamVirginichnceptio·
937 2379 1107 2461 brandum,
1131 2392 1165 2447 ct
1185 2379 1227 2444 ab
1260 2377 1410 2446 omnibus
1448 2377 1529 2442 inter

300 2495 385 2554 nem,
408 2475 544 2563 ejusque
566 2474 691 2556 cultrum
713 2483 747 2542 et
775 2471 892 2542 deotri-
938 2487 977 2542 aa
1001 2495 1085 2564 quae
1109 2481 1278 2564 praecepta
1300 2480 1387 2550 sunt,
1421 2477 1530 2558 sancte

299 2589 374 2635 nam
397 2582 550 2648 asserere,
573 2568 669 2648 tueri,
694 2584 893 2657 vpromovere
940 2565 1124 2646 colendum,
1149 2583 1187 2632 ao
1214 2562 1406 2633 Pcutillciam
1448 2561 1530 2650 Cap·

301 2670 333 2728 et
356 2659 527 2728 vincture
551 2660 739 2728 Enimvero
757 2660 892 2727 Praede-
937 2660 1055 2750 pellam
1103 2660 1134 2725 in
1174 2656 1375 2724 Patriarchali
1415 2655 1530 2722 Nostra

301 2774 444 2821 cessores
466 2753 573 2821 Nostri
597 2753 799 2822 vehementer
821 2753 890 2842 glo·
937 2753 1104 2820 tiberiana
1133 2752 1265 2820 Basilica
1301 2749 1357 2836 ,dte
1396 2747 1530 2836 Virginis

301 2847 370 2914 niati
393 2856 468 2913 sunt
491 2846 675 2936 Apostolica
697 2867 757 2913 sua
780 2856 891 2913 aucto-
937 2846 1270 2938 Conceptiunissacro
1291 2842 1462 2934 quotannis
1478 2861 1529 2910 es:-

276 2941 393 3021 ,ritate
433 2940 561 3006 Festum
599 2938 825 3028 Conceptiouis
859 2939 892 3006 in
938 2961 977 3008 se
997 2938 1219 3030 peragendam.
1249 2945 1355 3026 Atque
1378 2944 1529 3026 exoptsn⁴

302 3035 444 3100 Romana
466 3031 609 3099 Ecclesia
647 3032 820 3113 instituere,
851 3042 890 3100 ac
938 3043 984 3102 tes
1008 3033 1040 3100 in
1064 3031 1216 3100 fidelium
1234 3031 1349 3098 animis
1381 3024 1528 3118 qnotidie

300 3125 435 3217 proprio
458 3121 584 3206 Officio,
607 3127 803 3215 propriaque
818 3125 890 3192 llis.-
937 3129 1039 3215 magis
1079 3126 1189 3195 lovere
1213 3123 1301 3191 ,hanc
1341 3121 1382 3188 tle
1414 3115 1531 3194 lmma}

299 3237 347 3299 sa,
373 3215 493 3308 quibus
515 3219 734 3309 praerogativa
779 3218 894 3285 immu·
942 3219 1049 3287 culata
1071 3219 1224 3310 Deiparae
1242 3216 1456 3304 Conceptioue
1472 3212 1531 3279 do-

301 3313 417 3391 nitatis,
440 3310 483 3378 ab
506 3309 711 3380 haereditaria
734 3309 807 3379 labe
822 3331 889 3378 ma·
936 3311 1267 3401 utrinam,eorumque
1281 3312 1428 3401 pietatem
1445 3306 1532 3373 exci-

303 3403 504 3472 nilestissime
524 3403 736 3485 asserebatur,
765 3417 893 3493 augete,
942 3413 1010 3474 tare
1032 3403 1073 3490 acl
1098 3405 1198 3496 ipsam
1223 3403 1379 3492 Virginem
1401 3398 1533 3466 sloe'la-

286 3495 471 3566 'honestare
492 3505 525 3564 ct
547 3492 668 3566 c'nltum
680 3498 749 3587 jam
769 3497 893 3565 iustitu-
940 3496 1150 3587 ltecniginsli
1160 3506 1347 3586 conceptam
1363 3490 1531 3562 colendam
1663 3559 1664 3564 ,

303 3599 383 3658 tum,
396 3588 482 3658 omui
506 3609 569 3681 cpe
591 3609 790 3680 promouere,
820 3611 889 3660 ant*
936 3601 969 3659 et
984 3589 1210 3672 venerandam,
1232 3589 1530 3678 gavisi-suntque·

301 3681 454 3776 plificace,
477 3683 547 3750 sive
568 3683 707 3772 erogatis
720 3680 892 3770 indulgen·
941 3681 1147 3752 libentissime
1172 3681 1359 3751 laccltatem
1379 3678 1530 3758 trilltmrc,

304 3777 368 3857 tiis,
391 3778 462 3845 sive
483 3774 632 3845 facultate
656 3772 892 3844 ethonomica
941 3786 978 3842 ut
1001 3777 1033 3844 in
1057 3777 1241 3846 Lauretanis
1264 3774 1405 3856 litaniis,
1419 3828 1422 3834 .
1435 3780 1468 3840 et
1496 3772 1530 3836 in

305 3869 406 3950 obus,
434 3869 608 3961 provinciis
645 3870 828 3960 regnique:
857 3878 895 3937 nt
939 3869 1012 3960 ipsa
1036 3859 1152 3940 llissae
1179 3867 1377 3938 Praelaticna
1414 3866 1530 3932 Imma.-
1663 3936 1664 3964 ,

180 3953 186 3964 ’
304 3963 473 4054 Dniparam
496 3959 560 4030 sub
583 3961 675 4031 titulo
703 3961 893 4030 lmmacnla-
937 3961 1066 4034 celatus
1088 3963 1231 4054 ejusdcm
1255 3960 1391 4051 Virginis
1405 3956 1529 4052 procla·

304 4066 357 4124 tae
381 4055 607 4148 Conceptiuuis
628 4065 793 4146 patronam
829 4054 895 4122 sibi
944 4068 1082 4126 manetur
1106 4059 1300 4146 Conceptus,
1315 4064 1419 4144 atque
1448 4047 1551 4117 adeo.

305 4146 489 4233 deligerent,
511 4147 580 4217 sive
601 4146 817 4240 computans
832 4149 892 4215 Sc-
939 4147 990 4218 lex
1035 4149 1184 4220 credendi
1227 4152 1297 4241 ipss
1329 4137 1529 4239 supplicandi

305 4238 517 4323 delitntibns,
565 4241 895 4330 congregationibus,
943 4239 1013 4332 lege
1038 4254 1236 4312 statueretur.
1378 4290 1381 4296 ·
1420 4291 1422 4298 -

307 4333 539 4424 lleligiosisque
561 4335 701 4403 Familiis
723 4332 763 4401 ad
780 4334 897 4404 lmma-
989 4335 1022 4413 tl.
1045 4336 1178 4428 Signum
1203 4354 1361 4428 magnum.
