3584 5034
307 614 371 680 l90
727 613 854 683 FESTA
877 613 1102 685 oucuuuuls

303 731 397 792 terte
420 721 453 793 et
475 724 670 794 mulierem?
685 725 761 794 Etsi
778 725 892 794 Adhuc
1081 775 1085 786 ,
1178 729 1259 796 Lect.
1283 745 1324 792 rv.
1395 735 1410 770 θ

301 815 438 898 dubitas,
463 817 552 908 quod
576 817 617 886 de
642 819 737 886 llaria
766 819 888 902 dixerit,
940 775 1125 913 Quoniam
1150 842 1233 911 quae
1251 819 1297 887 'ad
1315 816 1435 887 cultum
1452 839 1525 910 per-

300 908 378 978 audi
400 911 489 1001 quod
513 912 666 1004 sequitur:
690 912 759 1002 ipsa
781 925 889 980 coute—
937 914 1044 996 tinent,
1070 914 1177 983 intimo
1194 913 1287 1003 plane
1300 913 1432 992 vinculo
1449 925 1525 979 cum

299 1013 348 1070 ret
370 1015 467 1095 caput
490 1017 597 1072 tuum..
616 1006 673 1072 Cui
706 1007 783 1072 baec
822 1028 889 1072 ser·
936 1007 1077 1095 ejusdem
1104 1007 1229 1096 objecto
1269 1017 1414 1074 conserta
1438 1015 1524 1084 sunt,

170 1148 175 1155 .
298 1106 371 1164 vata
410 1094 540 1166 victoria
564 1110 621 1179 est,
647 1099 708 1165 uisi
739 1098 887 1166 llariae‘l
936 1121 1040 1190 neque
1064 1109 1129 1166 rata
1152 1113 1184 1169 et
1208 1100 1269 1167 fixa
1293 1121 1419 1168 manere
1450 1117 1524 1194 ροε-Ι

297 1189 372 1281 lpsa
395 1191 506 1282 procul
532 1190 632 1260 dubio
655 1193 886 1281 caputcontri·
934 1197 1060 1260 suntsi
1085 1193 1162 1260 illud
1203 1215 1320 1283 anceps
1360 1194 1456 1259 silet
1491 1193 1524 1258 in

178 1361 180 1366 .
296 1284 341 1350 vit
356 1294 556 1366 venenatum,
573 1305 658 1376 quae
674 1283 889 1369 omnimodam
936 1285 1085 1375 ambiguo
1111 1299 1263 1368 versetur,
1306 1284 1425 1352 idcirco
1463 1285 1524 1352 De·

297 1380 535 1466 suggestionem
560 1389 623 1446 tam
648 1377 688 1444 de
719 1379 825 1444 carnis
847 1379 886 1444 il·
933 1400 1077 1448 cessores
1101 1381 1207 1447 Nostri
1234 1381 1362 1446 Romani
1395 1369 1524 1444 Pontifi-

298 1469 434 1551 lerebra,
461 1493 557 1560 quam
583 1471 624 1538 de
648 1472 760 1539 mentis
776 1492 889 1562 super·
935 1493 989 1540 ces
1014 1476 1101 1541 omni
1118 1494 1196 1540 cura
1213 1471 1524 1562 Conceptioniscul·

297 1561 351 1630 bia
390 1563 522 1637 deduxit
543 1563 584 1631 ad
609 1564 750 1632 nibilum.
785 1567 889 1645 Quam
937 1575 1003 1632 tum
1030 1565 1268 1656 amplificantes,
1308 1566 1392 1632 illius
1430 1565 1523 1632 etiam

298 1675 376 1724 vero
400 1657 492 1723 aliam
517 1657 667 1724 Salomon
696 1657 886 1747 requirebat,
937 1658 1094 1747 objectum
1119 1681 1157 1728 ac
1181 1659 1356 1728 doctrinam
1382 1657 1524 1725 declara-

298 1767 375 1815 oum
398 1749 532 1818 dicebat:
573 1751 733 1819 Mulierem
770 1745 888 1818 'lortem
935 1747 982 1832 re,
1023 1762 1055 1820 et
1085 1754 1253 1821 *inculcare
1293 1752 1525 1840 impensissime

300 1841 381 1935 quis
412 1843 580 1911 inveniet?
607 1845 744 1911 Noverat
772 1846 891 1934 quippe
939 1844 1139 1912 studuerunt.
1164 1847 1283 1912 Etenim
1300 1843 1383 1912 clare
1400 1854 1525 1934 aperte·

221 1976 225 1982 ·
298 1936 348 2003 vir
371 1936 498 2028 sapiens
521 1936 616 2026 hujus
640 1935 735 2004 sexus
751 1938 887 2004 inlirmi-
933 1958 997 2027 que
1022 1936 1170 2018 docuere,
1195 1938 1310 2004 testum
1327 1937 1375 2024 agi
1393 1935 1433 2002 de
1456 1935 1526 2001 Vir-

300 2037 407 2110 tatem,
431 2029 540 2118 fragile
564 2051 693 2120 corpus,
734 2031 890 2099 lubricam
936 2031 1016 2118 ginis
1041 2031 1263 2120 Conceptione,
1289 2041 1386 2119 atque
1402 2029 1445 2095 uti
1468 2028 1527 2095 lal-

299 2133 447 2190 mentem.
482 2125 566 2204 Quia
602 2135 763 2191 tameu‘et
786 2126 888 2190 Deum
936 2146 1003 2190 sam
1028 2135 1059 2190 et
1082 2123 1123 2190 ab
1147 2125 1306 2192 Ecclesiae
1330 2121 1528 2190 mentealie·

298 2212 418 2302 legerat
440 2217 631 2306 promisisse,
655 2217 751 2282 etita
780 2215 891 2284 crede·
937 2218 1098 2284 nissimam
1124 2215 1525 2309 proscripserunt-illorum

300 2304 356 2374 bat
379 2329 567 2396 congruere,
608 2319 645 2374 ut
684 2311 740 2397 qui
772 2311 892 2377 vicerat
938 2313 1118 2400 opinionem
1145 2313 1199 2400 qui
1236 2330 1298 2377 non
1336 2310 1525 2398 Conceptio-

300 2421 360 2489 per
381 2401 564 2480 foeminam,
590 2402 771 2469 vinceretur
790 2425 848 2494 per
865 2405 890 2468 i·
938 2426 1008 2471 nem
1033 2405 1146 2492 ipsam,
1172 2403 1228 2470 sed
1244 2400 1524 2470 sanctificationem

205 2505 208 2510 '
298 2515 400 2584 psam,
428 2493 629 2562 vehementer
651 2493 810 2564 admirans
826 2498 890 2585 aje-
936 2496 977 2563 ab
1002 2496 1144 2564 Ecclesia
1166 2497 1227 2563 coli
1251 2496 1477 2563 arbitrarentur
1494 2502 1527 2566 et

302 2586 362 2653 bat:
388 2587 549 2655 Mulierem
591 2588 702 2654 fortem
738 2591 822 2678 quis<
843 2592 891 2655 iu·
938 2587 1139 2656 affirmarent.
1253 2637 1255 2644 .

298 2679 435 2749 veniet?
458 2680 553 2762 Quod
577 2692 625 2748 est
648 2679 764 2748 dicere:
791 2684 816 2750 si
843 2685 887 2748 ita
980 2685 1011 2758 tl.
1038 2682 1104 2772 Ego
1129 2704 1168 2750 ex
1193 2701 1248 2749 ore
1273 2682 1433 2749 Altissimi.

173 2807 177 2812 ·
300 2770 342 2841 de
380 2795 475 2841 manu
512 2774 669 2842 foeminae
708 2774 825 2865 pendet
855 2785 886 2843 et
1162 2778 1244 2844 Lect.
1270 2797 1299 2842 v.

299 2877 407 2933 nostra
430 2867 570 2933 omnium
594 2867 691 2947 salus,
732 2879 764 2935 et
793 2873 885 2934 inno·
936 2821 1075 2959 Neque
1091 2871 1198 2936 mitius
1211 2889 1287 2942 cum
1314 2867 1349 2935 lis
1365 2865 1523 2956 agendum

299 2962 424 3044 ceutiae
462 2961 627 3039 restitutio,
666 2972 697 3026 et
729 2957 769 3026 de
798 2961 888 3030 hoste
936 2983 1006 3030 esse
1031 2963 1255 3036 existimarunt,
1282 2963 1336 3051 qui
1361 2960 1401 3027 ad
1436 2961 1524 3027 labe-

299 3052 439 3120 victoria:
464 3052 553 3119 tortis
591 3053 720 3118 omniuo
759 3075 889 3124 necesse
935 3055 1112 3122 factendam
1137 3057 1177 3123 de
1213 3055 1416 3121 lmmaculata
1456 3054 1523 3120 Vir-

298 3154 348 3212 est
370 3156 406 3213 ut
428 3146 642 3236 provideatur,
659 3165 743 3235 quae
759 3146 799 3212 ad
818 3159 887 3213 tau·
935 3149 1015 3236 ginis
1039 3149 1250 3239 Conceptlone
1266 3148 1451 3227 doctrinam,
1468 3167 1524 3214 ex-

298 3248 366 3306 tum
390 3259 473 3329 opus
495 3241 598 3330 possit
620 3260 691 3307 esse
715 3237 839 3306 idonea.
936 3243 1072 3328 cogitato
1095 3243 1175 3309 inter
1198 3243 1335 3332 primum
1359 3249 1455 3329 atque
1478 3239 1525 3305 al·

344 3333 388 3400 Te
414 3334 524 3398 Deum.
934 3344 1037 3400 terum
1078 3335 1300 3424 Conceptionis
1339 3333 1456 3399 instans
1491 3341 1525 3399 et

343 3424 382 3493 ln
405 3423 566 3493 Laudibus
589 3425 624 3514 fit
656 3426 887 3495 Commemora-
934 3439 1130 3494 momentum
1171 3427 1372 3506 discrimine,
1400 3446 1523 3492 assere·

297 3514 342 3587 tio
365 3516 488 3586 Ferr'oe.
935 3517 1031 3601 bant,
1059 3519 1211 3587 celebrari
1248 3518 1376 3609 quidem
1402 3519 1524 3585 Conce-

569 3645 614 3657 -
696 3673 701 3684 ,
932 3616 1082 3702 ptionem,
1107 3613 1162 3679 sed
1189 3634 1252 3679 non
1277 3633 1335 3703 pro
1348 3612 1449 3702 primo
1474 3615 1523 3678 in·

344 3704 411 3774 Pro
436 3704 457 3770 5
480 3700 532 3771 die
556 3700 631 3788 infr.
658 3703 721 3771 Oct.
751 3715 780 3772 et
810 3716 886 3772 tem⁸
932 3698 1026 3772 stanti
1049 3717 1145 3794 atque
1169 3716 1337 3772 momentu.
1358 3695 1524 3795 lpsi‘nam·

297 3818 375 3887 pore
396 3795 526 3866 aestivo.
935 3819 999 3887 que
1025 3797 1286 3896 praedecessores
1323 3798 1426 3864 Nostri
1450 3819 1525 3865 sua·

383 3939 385 3944 .
431 3890 473 3957 ΙΝ
499 3891 523 3956 1.
546 3889 770 3958 NOCTUllNO
939 3911 1010 3958 rum
1035 3892 1171 3982 partium
1195 3913 1266 3959 esse
1289 3890 1468 3971 duxeruut,
1494 3899 1526 3958 et

347 3982 512 4052 Lectiones
535 3985 572 4052 de
599 3982 769 4072 Scriptura
791 4005 853 4052 occ.
939 3982 1136 4052 beatissimae
1151 3985 1283 4073 Virginis
1303 3985 1523 4075 Conceptionis

414 4074 769 4145 1N11.Noctttult0
938 4079 1092 4159 Festum,
1117 4087 1149 4146 et
1188 4078 1430 4169 conceptionem
1461 4093 1524 4165 pro
1616 4125 1624 4142 .
1658 4107 1659 4114 ¹

288 4250 298 4260 ι
416 4169 462 4234 Ex
486 4168 576 4235 Bulla
591 4170 776 4257 Dogmatica
937 4172 1040 4261 primo
1066 4172 1192 4238 instanti
1216 4182 1377 4261 tamquam
1412 4187 1524 4236 verum

462 4261 507 4327 Pii
532 4263 636 4353 Papae
646 4260 728 4329 Noui
937 4263 1043 4332 cultus
1058 4263 1216 4353 objectum
1233 4265 1318 4331 omni
1334 4259 1441 4331 studio
1455 4271 1525 4329 tue-
