3584 5034
249 606 253 614 ,
680 523 805 594 FESTA
832 524 1050 596 FEBRUARII
1433 526 1473 590 Η

302 643 336 720 ll*
369 637 525 718 Quoniam
565 635 844 707 circumdederunt
998 637 1042 705 ΙΝ
1066 636 1122 703 lll.
1148 635 1371 708 NOCTURNO
1462 678 1465 683 >

257 751 307 798 mc
330 751 425 798 canes
448 730 554 811 multi,
574 731 745 799 concilium
774 753 841 810 ma·
936 731 1062 821 Antiplr.
1085 727 1248 798 Foderunt
1286 750 1422 810 manus,
1439 740 1479 797 ot

256 823 442 912 lignantium
466 821 591 890 obsedit
602 846 662 892 me.
687 821 708 878 ³¹⁶
738 823 840 894 Fode·
885 822 984 916 pedes
1002 844 1098 908 meos:
1115 823 1397 892 dinumeraverunt
1407 843 1477 891 om-

257 926 330 984 runt
348 939 461 984 manus
476 938 573 997 meas,
591 916 731 1008 etpedes
743 939 841 986 moos.
889 921 942 984 nia
965 937 1039 985 ossa
1062 939 1141 985 mea.

300 1013 331 1078 i.
348 1013 476 1077 Dicetur
492 1009 529 1077 ei:
547 1011 626 1100 quid
643 1005 717 1078 sunt
732 1012 844 1102 plagae
939 1012 1058 1080 Psolnt.
1083 1011 1212 1078 cinae
1238 1009 1372 1078 Domino
1403 1028 1480 1094 can⁴
1501 1042 1505 1050 ·

256 1105 334 1170 istae
349 1109 380 1170 in
395 1101 500 1170 medio
516 1126 668 1182 manuum
687 1105 844 1174 tuarum?
891 1108 990 1174 ticum
1014 1124 1144 1171 novum.
1155 1105 1312 1170 Dominus
1327 1105 1478 1190 regnavit.

257 1194 427 1266 Foderunt.
486 1249 499 1268 .
842 1235 845 1247 ·
891 1199 1021 1265 Cantate
1031 1199 1168 1264 Domino
1180 1199 1337 1264 cauticum
1347 1216 1479 1275 novum,

499 1291 580 1370 Lect.
604 1312 645 1359 vr.
892 1289 915 1333 ’κ
940 1294 1018 1380 quia
1040 1289 1200 1358 mirabilia
1222 1300 1282 1357 etc.
1305 1301 1339 1358 ot
1362 1288 1398 1356 io
1421 1291 1480 1356 III.

258 1341 372 1478 Quid
396 1383 482 1450 enim
507 1383 648 1465 vulnere,
673 1393 705 1452 ct
744 1383 845 1474 plagis
865 1419 868 1426 ¹
893 1387 980 1455 Noct.
1006 1386 1043 1452 de
1069 1387 1183 1452 lnoeot.
1201 1385 1236 1452 S.
1257 1381 1382 1464 Crucis,
1397 1394 1431 1450 ot
1445 1381 1483 1450 r'o

256 1473 648 1569 hujusmodisanotius?
688 1477 766 1567 quid
802 1481 848 1544 eis
894 1482 986 1546 Brco.

257 1570 427 1648 salubrius,
443 1590 483 1636 ex
499 1569 619 1658 quibus
634 1572 721 1638 salus
738 1581 844 1644 nostra
937 1568 1060 1659 Antr'pb.
1086 1570 1155 1637 Nisi
1177 1569 1289 1638 videro
1314 1571 1347 1636 in
1379 1570 1481 1634 mani-

257 1663 420 1758 processit,
445 1671 476 1728 et
500 1663 531 1728 in
567 1663 685 1752 quibus
717 1663 848 1732 assidue
893 1661 956 1731 bus
981 1666 1051 1752 ejus
1074 1659 1209 1730 fiiuram
1230 1664 1425 1741 clavorum,
1450 1672 1482 1729 et

256 1781 294 1826 se
318 1765 451 1848 possunt
480 1777 594 1822 curare
632 1758 755 1824 animae
790 1756 846 1826 de·
893 1759 1015 1823 mittam
1039 1754 1173 1844 digitum
1202 1776 1309 1824 meum
1324 1758 1357 1822 in
1373 1755 1481 1823 locum

256 1862 404 1918 votorum
428 1848 445 1914 ‘l
469 1849 558 1917 Licet
580 1851 677 1938 igitur
710 1852 843 1932 Lancea,
891 1849 1066 1929 clavorum,
1084 1859 1116 1916 et
1131 1851 1250 1916 mittam
1268 1871 1398 1916 manum
1416 1870 1482 1916 me-

254 1956 284 2013 et
309 1943 399 2012 Clavi
422 1941 587 2032 praedicti,
603 1943 729 2034 aliaque
746 1945 844 2036 ipsius
894 1946 1000 2012 amin
1024 1942 1107 2009 latus
1130 1943 1209 2030 ejus,
1234 1962 1297 2009 non
1322 1942 1460 2010 credam.

254 2038 416 2104 Passionis
455 2036 604 2104 salutaria
627 2038 845 2117 instrumenta,
940 2034 1065 2125 Antiplt.
1102 2036 1188 2103 lnior
1221 2035 1363 2125 digitum
1388 2046 1482 2103 tuum

254 2133 362 2204 sinta
400 2131 523 2195 cunctis
547 2129 697 2200 fidelibus
733 2131 847 2198 Christi
894 2129 969 2211 buc,
986 2140 1018 2198 et
1034 2127 1111 2198 vide
1135 2147 1249 2195 manus
1273 2151 1370 2211 meas,
1388 2141 1420 2198 et
1437 2129 1484 2195 ab

256 2222 392 2290 ubilibet
415 2222 615 2302 veneranda,
640 2234 672 2289 et
701 2222 742 2291 de
775 2226 845 2314 ipsa
892 2224 940 2290 ser
964 2245 1093 2290 manum
1117 2223 1483 2303 tuam,etmitteiula··

256 2317 350 2385 etiam
364 2315 512 2382 Passione
528 2319 561 2382 in
578 2313 688 2382 eadem
705 2317 851 2384 Ecclesia
895 2328 946 2384 tus
969 2340 1085 2382 meum.

256 2411 413 2478 solemnia
436 2413 527 2476 annis
562 2410 692 2497 singulis
732 2409 845 2478 Officia
939 2410 967 2476 i.
997 2410 1168 2501 Disciplina
1182 2410 1272 2501 pacis
1286 2418 1414 2479 nostrae
1428 2429 1485 2477 su-

259 2502 472 2583 celebrentur,
498 2513 529 2571 et
553 2502 616 2583 fiat;
642 2501 775 2592 dignum
802 2514 848 2570 ta·
878 2525 952 2594 per
975 2524 1082 2578 eum.¹

258 2619 342 2677 men,
367 2606 400 2663 et
422 2598 614 2665 conveniens
650 2608 846 2688 reputamus,
939 2600 972 2669 ri.
991 2597 1029 2661 llt
1044 2595 1143 2660 livore
1160 2595 1229 2682 ejus
1245 2597 1346 2660 sanati
1361 2617 1483 2663 snmus.

256 2689 342 2758 sido
360 2691 461 2778 ipsius
477 2689 847 2780 Passionisspecialibus
940 2688 1047 2754 Lectio
1071 2687 1102 2754 S.
1119 2687 1283 2774 Evangelii
1303 2686 1482 2756 secundum

257 2783 463 2860 istrumentis,
504 2793 536 2849 et
576 2783 758 2872 praesertim
815 2785 847 2849 in
894 2785 1058 2852 loannem.
1138 2866 1139 2869 Ἴ

256 2875 471 2968 partibusvin
496 2874 616 2962 quibus
639 2877 849 2942 instrumenta
1005 2875 1086 2941 tect.
1110 2893 1163 2940 vn.
1259 2876 1334 2964 Cap.
1363 2877 1415 2942 lli.

258 2971 330 3060 ipsa
352 2966 503 3034 dicuntur
543 2966 662 3047 haberi,
698 2967 849 3048 solemne,
895 2920 952 3034 ln
978 2965 1035 3033 illo
1059 2977 1210 3058 tempore:
1234 2967 1345 3037 Sciens
1380 2972 1484 3050 lesus,

258 3083 297 3130 ac
321 3059 460 3151 speciale
476 3059 795 3140 lestumcelebretur,
819 3071 851 3128 et
899 3065 977 3151 quia
999 3063 1109 3128 omnia
1141 3073 1362 3128 consummata
1399 3044 1485 3140 suirt,

259 3155 323 3223 fiat.
347 3155 480 3244 Nosque
504 3154 574 3222 illos
591 3153 701 3222 fideles
725 3154 851 3237 Christi,
898 3164 935 3221 ut
957 3164 1232 3221 consummaretur
1247 3156 1422 3246 Scriptura,
1437 3155 1492 3222 di·-

259 3253 319 3339 qui
335 3247 445 3338 aliqua
461 3269 500 3315 ex
516 3251 734 3318 instrumentis
751 3251 853 3338 ipsius
900 3250 953 3316 xit:
978 3249 1067 3314 sino.
1091 3249 1131 3313 Et
1153 3247 1287 3336 reliqua.

259 3342 377 3412 habere
417 3363 452 3408 se
492 3338 623 3430 gaudet,
664 3345 697 3408 in
743 3363 855 3413 eorum
908 3389 917 3396 a
963 3341 1101 3411 Homilia
1126 3340 1156 3406 S.
1181 3343 1352 3429 Augustini
1375 3344 1432 3435 Ep.
1476 3412 1480 3420 ,

261 3435 435 3504 devotione
458 3433 574 3502 divinis
599 3433 731 3516 officiis,
756 3445 854 3524 atquc
991 3436 1092 3500 Trcct.
1120 3431 1421 3505 trutmoniam

259 3527 448 3596 muneribus
472 3529 652 3620 specialiter
675 3529 850 3598 foveamus.
959 3549 1022 3594 nus
1046 3526 1189 3594 militum>
1206 3527 1331 3598 Lancea
1356 3530 1439 3598 latus
1455 3550 1489 3596 e-

273 3683 278 3693 ,
307 3625 340 3700 1t.
352 3622 481 3690 Dicetur
492 3624 531 3690 ei:
554 3622 632 3712 quid
651 3632 726 3692 sunt
741 3621 853 3713 plagae
893 3622 948 3710 jus
971 3622 1118 3712 aperuit,
1140 3632 1174 3690 et
1196 3625 1351 3690 continuo
1390 3623 1489 3691 exivit

259 3718 339 3782 istae
357 3713 389 3779 in
403 3713 506 3784 medio
523 3737 677 3784 manuum
695 3715 851 3783 tuarum?
901 3717 1041 3804 sanguis,
1057 3725 1090 3782 et
1105 3736 1201 3805 aqua.
1224 3716 1374 3804 vigilanti
1388 3715 1487 3784 verbo

260 3819 293 3876 et
317 3806 413 3886 dicet;
439 3805 460 3848 ³*
484 3809 541 3877 llis
564 3809 711 3899 plagatus
728 3829 798 3874 sum
816 3810 848 3876 in
898 3803 1203 3897 Evangelista'usus
1226 3820 1284 3889 est,
1310 3817 1421 3877 utnon
1437 3809 1488 3876 di·

262 3900 359 3968 dorno
384 3919 507 3980 eorum,
521 3905 581 3991 qui
596 3901 768 3990 diligebant
790 3923 849 3970 me.
897 3911 994 3968 caret:
1019 3901 1103 3970 latus
1125 3902 1196 3990 ejus
1228 3905 1406 3989 percussit,
1430 3914 1490 3971 aut

307 3998 336 4061 t.
375 3992 442 4058 Nisi
473 3995 591 4063 ¹nidero
631 3994 663 4062 in
700 3993 848 4063 manibus
894 3994 1085 4075 vulneravit,
1111 4004 1168 4061 aut
1190 3993 1269 4083 quid
1293 3992 1404 4077 aliud,
1427 3999 1485 4067 sed

260 4089 331 4174 ejus
353 4085 490 4154 fixuram
506 4088 761 4170 clarorumnon
780 4111 849 4158 cre·
897 4090 1041 4178 aperuit:
1065 4096 1102 4153 ut
1124 4085 1204 4152 illud
1245 4084 1490 4176 quodammodo

263 4181 345 4248 dam.
370 4181 428 4248 His
447 4180 598 4272 plagatus
621 4203 702 4250 sum.
734 4182 851 4252 Gloria.
898 4186 981 4250 vitae
1016 4183 1133 4246 ostium
1162 4175 1374 4267 panderetur,
1399 4185 1486 4250 unde

262 4274 320 4340 llis
342 4274 496 4367 plagatus.
897 4275 1099 4341 Sacramenta
1123 4268 1485 4365 manaveruntslnequi-
