3584 5034
715 608 840 679 FESTA
860 606 1025 677 -ΑΡΜΙΙᾸὸ
1423 609 1481 675 ut

342 719 459 789 Ormr'rt
482 732 518 789 ut
537 720 574 789 iu
598 719 776 790 Breur'crr'o.
973 718 1058 809 cupi.
1085 720 1114 785 i.
1137 718 1230 788 ciust.-
1252 739 1324 786 eum
1343 729 1401 787 ert.

529 848 574 865 -··
761 814 765 825 '
822 848 826 857 ·
939 811 1057 881 Ortum
1077 824 1112 882 ut
1135 809 1307 883 Breer'crt'c
1330 812 1367 881 rie
1398 833 1482 879 certu

465 905 564 974 ΒΘΜ.
589 907 640 974 lv.
887 904 1118 977 medicat
1133 906 1219 975 licei.
1396 943 1400 952 ·

449 1011 519 1087 pest
541 1002 652 1070 Parcit.
961 1036 965 1044 ·

256 1090 407 1160 Drrrcrr.
430 1091 520 1160 Ecce.
534 1094 702 1181 ,curruum
727 1114 768 1163 ur
784 1094 846 1162 Br-
1112 1092 1260 1144 mm
1392 1140 1396 1149 .

371 1204 455 1253 turc.
479 1187 510 1253 S.
534 1187 575 1257 Μ.
598 1187 727 1256 Sucorm
849 1258 851 1265 ,

678 1372 897 1490 rusci
931 1306 1091 1489 ⁸trust

487 1755 556 1822 Dlii
581 1756 613 1822 7.
1126 1755 1210 1822 Lect.
1232 1773 1274 1821 rr.

364 1847 396 1913 S.
426 1846 589 1915 Sururscrr
617 1848 672 1915 Er.
694 1847 735 1914 Μ.
893 1800 1058 1916 Isidorus
1081 1846 1228 1935 Agricola
1250 1867 1353 1940 prope
1380 1848 1486 1917 Hatri-

488 1942 614 2031 duplcm.
893 1950 962 2007 tum
987 1940 1159 2034 Hispaniae
1185 1940 1314 2022 Urbem,
1353 1942 1386 2011 iu
1419 1962 1486 2033 quc

307 2035 398 2103 Omrr.
422 2045 456 2103 ut
479 2032 514 2101 in
539 2031 708 2103 Breur'arr'c
731 2034 786 2103 scd
809 2032 845 2101 in
892 2043 987 2100 nutus
1012 2034 1124 2113 iuerat,
1157 2033 1306 2103 mercede
1343 2034 1487 2103 colendis

259 2127 326 2195 lect.
359 2127 409 2193 ΓΙ.
432 2128 576 2195 addetur.
892 2126 978 2216 agris
1000 2126 1180 2195 conductus
1193 2126 1283 2195 brevi
1300 2148 1487 2218 magnarum

307 2216 454 2287 Clemens
477 2238 556 2287 vero
579 2218 722 2287 Octavus
745 2220 852 2288 Ponti·
899 2218 958 2287 sibi
966 2222 1167 2289 uirtutumec
1178 2222 1210 2287 iu
1222 2222 1374 2289 exercitio
1389 2220 1487 2288 uber

258 2312 312 2379 fex
336 2311 490 2379 Maximus
505 2312 609 2379 Sancti
634 2310 778 2381 stanislai
803 2313 849 2381 ie·
895 2312 1007 2380 rimam
1031 2324 1170 2403 segetem
1194 2314 1325 2404 paravit.
1341 2312 1487 2381 Admira-

258 2415 310 2473 sto
333 2402 385 2473 die
409 2405 441 2471 iu
465 2406 641 2473 Romanum
654 2406 847 2474 Breviurium
896 2405 968 2472 bitis
992 2406 1075 2475 euim
1102 2406 1226 2488 Christi,
1243 2427 1281 2476 ac
1296 2408 1488 2476 Sanctorum

259 2498 370 2579 relato,
398 2497 527 2587 gloriosi
552 2500 696 2591 Martyris
731 2520 853 2569 meme-
900 2500 1037 2567 imitator
1048 2520 1226 2589 numquam
1240 2498 1282 2569 cd
1296 2522 1380 2592 opus
1395 2519 1490 2570 mune

125 2612 126 2623 ¹
261 2592 340 2658 riam
364 2590 483 2681 duplici
507 2590 613 2661 officio
653 2591 775 2684 ubique
798 2614 851 2662 ce-
898 2613 934 2660 se
958 2590 1152 2671 conserebat,
1176 2593 1237 2659 uisi
1251 2594 1340 2683 prius
1358 2594 1415 2660 Dei
1430 2594 1491 2659 Re·

262 2683 381 2752 lebrari
399 2686 502 2773 jussit.
899 2706 998 2774 gnum
1026 2682 1169 2752 studiose
1186 2695 1363 2774 quaereret,
1379 2684 1491 2752 Eccie-

419 2818 423 2839 '
477 2818 575 2935 uu*
584 2872 634 2936 t5.
896 2778 1491 2951 iiiim¹ttttiuiti⁶tiit

342 2961 375 3029 Sss
397 2961 518 3030 Istucut
544 2965 656 3031 Aurtc.
674 2963 769 3034 Corr.
899 2982 975 3030 cum
998 2961 1083 3030 iliius
1108 2983 1229 3032 morum
1245 2965 1313 3053 agri
1337 2964 1493 3031 Dominus

494 3055 619 3145 duplam.
897 3055 1034 3145 graviter
1056 3055 1161 3137 ferret,
1185 3067 1283 3147 atque
1297 3079 1338 3126 ex
1359 3056 1493 3126 editiore

312 3146 430 3217 Omma
451 3150 497 3218 de
523 3152 641 3221 corum·
679 3152 765 3243 Cous.
788 3172 850 3219 uorr
895 3148 1119 3241 lucoquadam
1136 3149 1199 3232 die,
1218 3161 1256 3220 ut
1270 3170 1345 3219 eum
1360 3150 1492 3219 liberius

264 3242 353 3312 Porri.
375 3255 501 3335 praeter
516 3243 684 3333 sequentia.
897 3242 1084 3334 increparet,
1103 3230 1287 3331 Agricolam
1301 3244 1490 3335 operiretur,

509 3334 620 3405 Oratio
899 3333 994 3417 binos
1017 3335 1157 3424 'Angelos
1179 3334 1416 3405 candidaveste
1431 3333 1493 3403 du-

264 3379 342 3495 Ba
363 3428 458 3498 uobis
479 3442 699 3521 quaesumus,
732 3430 854 3499 miseri·
889 3428 976 3518 -plici
999 3425 1099 3495 boum
1117 3429 1199 3517 jugo
1222 3440 1359 3513 arantes,
1393 3427 1494 3497 medi-

265 3539 338 3589 cors
360 3522 725 3604 Deus,beat01stdoro
763 3524 854 3615 Agri·
902 3542 1026 3611 umque
1048 3520 1130 3588 inter
1153 3521 1223 3590 ilice
1241 3521 1399 3592 isidorum
1414 3541 1494 3590 con-

266 3612 855 3699 cciacouiesscreTuoiutercedente,
902 3614 1014 3704 spexit.
1053 3614 1126 3694 Quo
1161 3617 1318 3685 miraculo
1363 3616 1493 3703 vulgato

264 3706 404 3797 superbe
439 3729 503 3776 non
538 3731 672 3803 sapere,
696 3710 753 3779 sed
785 3710 855 3799 ejus
881 3706 1018 3796 'magno
1029 3704 1181 3800 deinceps
1197 3708 1309 3778 honori
1326 3719 1388 3778 tam
1406 3704 1495 3798 apud
1566 3772 1570 3779 .

266 3798 396 3880 meritis,
421 3810 453 3869 et
476 3804 629 3895 exemplis
644 3803 760 3894 placitu
787 3801 857 3869 Tibi
893 3798 1037 3881 ¹ilerum,
1060 3822 1158 3890 quam
1174 3800 1261 3893 apud
1278 3812 1421 3871 caeteros
1436 3798 1494 3868 hc

264 3914 392 3983 semper
409 3892 584 3964 humilitate
600 3894 770 3966 deservire.
794 3897 856 3965 Per
904 3891 1136 3963 mines'haberi
1160 3896 1274 3985 coepit.

128 3986 130 3999 '
263 3987 436 4055 Dominum
460 3999 604 4056 nostrum
628 3998 688 4057 etc.
947 3994 979 4071 13.
1003 3988 1180 4056 Honestum
1203 3998 1262 4055 etc.
1326 4008 1331 4035 ἑ

330 4098 332 4102 ·
383 4081 428 4147 IN
452 4081 478 4145 Ι.
509 4080 732 4151 Noctttttrto
1141 4082 1223 4149 Lect.
1257 4098 1284 4143 v.

177 4172 184 4189 ’
264 4171 425 4247 Lectiones
436 4177 473 4245 de
487 4172 653 4265 Scriptura
671 4180 856 4251 occurrente.
897 4122 1089 4241 charitate
1128 4173 1160 4239 iu
1204 4192 1362 4264 pauperes
1411 4169 1494 4240 adeo

380 4268 424 4339 IN
448 4268 490 4338 Μ.
517 4268 748 4345 ΝΟΕΤΠΒΝΟ,
900 4265 1054 4358 flagravit,
1091 4276 1129 4335 ut
1164 4266 1356 4351 mercedem,
1396 4286 1493 4359 quam
