3584 5034
304 604 370 675 tto
742 601 869 675 FESTA
890 603 1091 676 occentus

300 717 360 784 etis
382 717 582 824 sapientiae,
606 737 645 786 ae
667 715 892 808 prodigiorum
940 739 997 785 sus
1035 713 1207 784 duodecim
1240 716 1432 806 Apostolis,'
1449 716 1540 792 dedit

301 808 388 876 douc
412 811 552 898 insignis,
578 810 619 878 ad
644 811 825 881 Catholicae
842 812 893 878 Fi·
941 811 1000 878 illis
1023 812 1187 888 virtutem·
1212 818 1243 876 et
1267 819 1453 900 potestatem
1478 833 1535 878 su·

300 901 351 968 dei
377 903 539 970 veritatem
563 905 728 972 convertit.
746 907 892 995 lienique
938 926 996 994 per
1020 904 1127 970 omnia
1151 901 1331 986 daemonia,
1360 914 1392 973 et
1407 915 1443 972 ut
1465 905 1535 972 lan-

300 995 431 1062 Callisto
470 997 526 1062 lll.
551 1011 663 1066 auctor
687 998 746 1065 luit
781 1020 892 1066 sacrae
939 1019 1057 1086 gucres
1080 997 1304 1063 curarentlit
1328 999 1478 1088 reliqua.-

300 1087 510 1180 expeditionis
525 1090 681 1160 adversus
700 1092 818 1159 Turcas
835 1091 890 1159 de·
987 1090 1123 1156 Humilia
1148 1091 1253 1156 Sancti
1290 1093 1533 1164 Bonaveuturac

299 1181 498 1264 cernendae,
536 1187 567 1252 iu
603 1207 668 1275 qua
700 1185 892 1252 Christiano·
942 1185 1103 1277 Episcopi.

300 1298 372 1344 rum
410 1281 578 1358 exercitus,
603 1278 665 1345 sub
707 1277 891 1369 triumphali
1017 1275 1162 1366 Emposit.
1190 1275 1225 1344 in
1244 1279 1364 1368 Capi.
1389 1280 1465 1347 Lao.

299 1370 545 1444 crucisvexillo
569 1394 626 1462 per
651 1373 755 1462 ipsum
796 1375 892 1461 loan-
945 1393 956 1430 r
987 1372 1119 1462 postoli
1155 1369 1227 1438 ideo
1263 1371 1415 1438 nominati
1449 1381 1535 1453 sunt,

299 1485 372 1530 nem
398 1464 685 1556 impavidedelam,
713 1486 892 1534 memorau-
940 1476 975 1544 ut
997 1485 1110 1533 eorum
1127 1464 1407 1532 commendaretur
1423 1478 1534 1534 aucto·

298 1555 373 1622 dam
396 1558 535 1624 saeculis
552 1558 703 1625 omnibus
728 1560 893 1625 victoriam
943 1561 1027 1626 ritas.
1072 1558 1244 1648 Apostolus
1275 1561 1371 1640 euim,
1416 1564 1535 1628 missus

299 1652 482 1739 reportavit.
507 1653 565 1718 Tot
588 1650 719 1719 demum
751 1672 810 1744 pro
834 1653 891 1719 Dei
940 1655 1176 1743 interpretatum
1203 1653 1292 1718 missi
1316 1662 1424 1720 autem
1466 1654 1536 1720 lue·

295 1742 399 1832 gloria
433 1743 578 1831 augenda
604 1746 743 1812 toleratis
774 1743 892 1811 labori·
941 1758 1012 1815 rant
1028 1745 1068 1812 ad
1085 1742 1335 1835 praedicandum
1354 1746 1536 1813 secundum

298 1833 383 1917 hus,
417 1836 522 1906 lethali
563 1838 677 1907 morbo
712 1849 890 1928 correptus,
939 1839 1030 1908 illud:
1054 1839 1125 1904 Non
1151 1839 1302 1904 misitme
1320 1835 1465 1904 Christus
1479 1839 1536 1906 ba·

299 1928 454 1997 Villacum
480 1930 630 1998 delentur.
646 1939 820 2020 aegrotum
838 1934 892 2000 lo·
940 1934 1080 2025 ptizare,
1104 1930 1162 1998 sed
1199 1926 1424 2015 evangelizare.
1450 1933 1535 2000 Fue·
1580 1939 1584 1945 '

298 2045 413 2093 aunem
438 2024 604 2092 Ladislans
617 2026 797 2093 Pannoniae
815 2027 890 2105 lien,
940 2021 1065 2093 ruutad
1084 2021 1334 2112 praedicandum
1353 2023 1452 2104 missi,
1469 2044 1536 2091 nou

299 2115 431 2186 llatlrias
454 2119 622 2197 Corvinus,
647 2119 765 2208 aliique
806 2119 893 2184 Prin·
942 2141 1008 2186 rem
1033 2139 1175 2207 parvam,
1199 2115 1258 2183 sed
1283 2139 1441 2203 magnam,
1472 2120 1536 2184 sci·

297 2211 385 2300 cipes
422 2210 512 2292 Viri,
551 2209 688 2278 hominis
728 2212 892 2280 sanctitate
937 2213 1014 2279 lIcet
1036 2233 1171 2300 regnum
1196 2210 1264 2288 Dei,
1289 2232 1347 2299 per
1364 2210 1453 2300 quod
1478 2231 1536 2301 po·

300 2306 477 2385 commoti,
516 2305 710 2385 visitarunt,
742 2326 826 2395 quos
849 2304 892 2370 ad
939 2316 1000 2374 test
1038 2305 1167 2391 intelligi
1203 2303 1348 2370 doctrina
1383 2305 1535 2384 veritatis,

299 2395 894 2488 tuendam,propugnandamquetlrri-
936 2402 1029 2490 juxta
1066 2397 1156 2476 illud;
1192 2395 1406 2464 nutaretura
1444 2398 1536 2464 vobis

301 2491 421 2558 stianae
472 2492 645 2580 Religionis
683 2493 893 2580 integritatem
942 2515 1074 2581 regnum
1116 2493 1201 2568 Dei,
1224 2499 1257 2558 ct
1284 2489 1412 2558 dabitur
1452 2493 1535 2580 genti

300 2584 494 2672 gravissimis
529 2586 646 2654 hortari
682 2584 791 2653 verbis
829 2607 906 2670 non¹
943 2585 1067 2654 facienti
1097 2586 1230 2662 ,fructus
1264 2585 1344 2673 ejus.
1371 2585 1478 2652 Potest
1502 2607 1537 2653 e·

299 2679 519 2768 praetermisit
562 2681 674 2769 ltaque
713 2698 789 2745 cum
829 2701 893 2746 nou
942 2681 1017 2746 tiam
1042 2677 1104 2746 diei
1130 2680 1231 2767 gratia
1256 2679 1393 2768 Spiritus
1420 2677 1535 2755 Sancti,

299 2773 452 2866 martyrio
475 2774 633 2855 voluntas,
657 2771 715 2840 scd
740 2772 896 2842 voluntati
943 2773 1124 2844 secundum
1142 2771 1231 2838 illud:
1247 2772 1319 2838 Nou
1343 2781 1391 2838 est
1403 2794 1536 2860 regnum

300 2869 489 2958 martyrium
514 2865 809 2946 deluitsctsanctis
833 2866 894 2932 Ec-
941 2861 997 2935 Ilei
1022 2886 1106 2948 esca,
1133 2875 1165 2935 et
1189 2877 1303 2957 potue,
1327 2865 1384 2934 sed
1403 2865 1536 2955 J'ustitie,

298 2957 414 3026 clasiae
439 2960 650 3026 Sacramentis
681 2978 809 3026 summo
827 2959 893 3050 pie·
941 2971 973 3028 et
996 2982 1084 3051 pax,
1111 2971 1142 3030 et
1166 2959 1319 3048 gaudium
1344 2961 1377 3026 in
1417 2959 1537 3048 Spiritu

299 3052 371 3118 tatis
393 3073 489 3119 sensu
507 3053 655 3131 relectus,
671 3055 808 3119 animam
828 3055 895 3122 Deo
943 3055 1071 3134 Sancto}
1096 3065 1128 3122 et
1167 3051 1256 3119 inira:
1282 3053 1365 3120 Eece
1404 3073 1539 3140 regnum

299 3143 438 3212 reddidit
471 3164 556 3212 anuo
592 3145 706 3220 salutis
731 3146 899 3213 millesimo
947 3148 1003 3216 Dei
1028 3148 1109 3214 intra
1133 3167 1191 3212 vos
1215 3157 1271 3214 est.
1297 3145 1403 3214 Potest
1442 3147 1538 3211 etiarn

302 3237 617 3328 quadringentesimo
629 3237 897 3328 quinquagesimo
945 3238 1006 3308 dici
1032 3241 1131 3328 gloria
1167 3248 1307 3319 aeterna,
1324 3240 1416 3327 juxta
1451 3237 1541 3304 illud:

299 3342 398 3400 sexto:
437 3354 534 3422 quem
559 3331 600 3399 de
632 3331 793 3400 Catholica
817 3331 895 3400 Fide
943 3339 1045 3400 Amen
1070 3332 1144 3401 dico
1169 3326 1359 3413 vobis,'nisi
1382 3332 1457 3420 quis
1488 3351 1541 3398 re·

300 3427 419 3514 optime
453 3426 625 3505 meritum,
660 3445 699 3491 ac
735 3426 896 3493 miraculis
945 3439 1040 3494 natus
1064 3427 1160 3494 fuerit
1182 3447 1222 3496 ex
1245 3445 1342 3514 aqua,
1365 3436 1397 3492 et
1420 3423 1542 3514 Spiritu

297 3528 374 3607 post
395 3518 523 3586 obitum
541 3520 698 3587 illustrem
724 3519 899 3607 Gregorius
948 3521 1086 3601 Sancto,
1113 3541 1178 3588 non
1217 3529 1324 3611 potest
1352 3518 1484 3587 introire
1509 3520 1542 3586 in

298 3611 364 3678 XV.
390 3613 561 3681 Beatorum
578 3664 593 3692 ,,
612 3611 791 3685 Alexander
816 3614 902 3682 vul.
951 3635 1084 3702 regnum
1108 3613 1174 3682 Dei.
1207 3671 1213 3688 .

300 3706 491 3774 Sanctorum
516 3705 604 3773 lastis
626 3703 803 3796 adscripsit
990 3710 1023 3784 d.
1036 3709 1099 3776 Iste
1116 3717 1174 3786 est,
1192 3705 1248 3797 qui
1260 3714 1333 3775 ante
1344 3707 1460 3789 Deum,
1478 3714 1540 3776 etc.

347 3802 380 3877 ni.
404 3800 468 3868 Iste
492 3800 589 3867 homo
614 3798 756 3889 perfecit.
780 3812 840 3868 etc.
944 3863 947 3874 ,
1159 3803 1242 3872 Lact.
1265 3821 1332 3868 vnr.

410 3894 454 3961 ιιι
478 3893 536 3960 ιιι.
560 3892 786 3964 nocrcnno
944 3845 1133 3964 Omnium
1157 3895 1205 3966 rus
1245 3893 1350 3966 mous
1391 3891 1536 3986 speon

347 3986 458 4058 lectio
481 3988 512 4057 S.
528 3985 690 4076 Evangelii
713 3985 895 4056 meandum
944 4000 1020 4057 sunt
1060 3991 1149 4058 missi
1186 3989 1372 4082 praedicare
1404 4005 1539 4076 reguum

302 4079 432 4148 Lucam.
946 4085 1031 4164 Ilei,
1054 4083 1176 4152 scilicet
1216 4103 1324 4152 veram
1349 4083 1537 4166 doctrinam,

419 4176 502 4243 Laet.
526 4194 581 4242 vn·
678 4176 755 4264 Gap.
783 4175 814 4240 a.
945 4174 1083 4244 divinam
1123 4177 1281 4264 gratiam,
1306 4187 1340 4244 et
1379 4183 1540 4242 aeternam

303 4212 360 4331 ΙΙ
384 4264 438 4333 illo
462 4276 614 4356 tempore:
640 4268 830 4337 Convocatis
846 4269 899 4338 le-
947 4268 1090 4363 gloriam.
1115 4271 1155 4339 lit
1178 4272 1255 4360 quia
1279 4277 1409 4364 propter
1424 4276 1539 4336 aucto·
