3584 5034
753 616 879 685 nesta
904 617 998 685 ltett
1448 622 1493 689 87

494 729 604 799 Oratio
900 730 1001 799 centis
1022 729 1135 820 augeli
1160 731 1263 799 forma
1277 730 1341 799 sibi
1357 731 1508 803 illudere

263 772 391 904 Deus,
416 823 472 913 qui
495 844 616 891 novum
641 843 699 914 per
733 821 767 888 ll.
790 826 856 888 Au·
903 832 1072 892 conantem
1095 824 1226 913 agnovit
1261 825 1430 915 protinus,
1461 838 1495 895 et

264 916 368 1005 gelam
394 916 564 983 Sacrarum
595 917 757 1005 Virginum
777 914 850 983 Col·
897 916 1037 1005 conjecit
1066 917 1098 983 iu
1131 916 1248 1005 fugam
1273 917 1411 987 Tandem
1436 940 1495 1011 pa-

263 1011 382 1099 legium
401 1010 432 1075 in
448 1010 589 1078 Ecclesia
606 1012 672 1076 Tua
684 1008 851 1076 florescere
898 1010 997 1077 ternis
1020 1008 1115 1077 bonis
1138 1008 1312 1091 abdicatis,
1343 1022 1376 1078 et
1404 1011 1494 1079 babi-

264 1104 403 1184 vuluisti,
436 1104 477 1169 da
518 1103 610 1171 nobis
649 1105 719 1192 ejus
759 1103 854 1169 inter·
900 1114 969 1168 tum
993 1122 1031 1169 ac
1055 1104 1199 1193 regulam
1232 1104 1324 1172 Tertii
1364 1104 1494 1174 Ordinis

262 1197 566 1285 cessiuueangelicis
584 1196 853 1275 muribusvivere;
902 1197 934 1265 S.
963 1196 1122 1265 francisci
1154 1198 1309 1288 amplexa,
1333 1200 1494 1288 euangeli-

262 1301 310 1371 ut,
337 1290 469 1357 terrenis
493 1290 643 1357 omuibus
685 1289 851 1368 abdicatis,
900 1309 970 1357 cam
986 1300 1207 1381 paupertatem
1222 1291 1409 1381 virginitatis
1424 1293 1495 1361 lau-

264 1382 390 1473 gaudiis
413 1384 532 1474 perfrui
559 1403 739 1451 mereamur
754 1392 856 1450 aeter-
902 1381 935 1449 di
946 1385 1121 1473 conjunxit

263 1477 321 1543 nis.
346 1478 406 1543 Per
429 1478 599 1543 [luminum
626 1487 686 1543 etc.
796 1480 800 1487 ’
949 1486 982 1563 13.
1007 1477 1140 1569 Propter
1164 1479 1327 1563 veritatem
1352 1486 1413 1548 etc.

261 1648 265 1655 Ι
388 1571 432 1635 IN
457 1571 484 1637 l.
508 1568 732 1639 NOCTURNO
945 1591 960 1650 4
1149 1572 1233 1640 noce
1254 1593 1285 1638 r.

311 1663 473 1731 Lectiones
496 1666 534 1731 de
560 1662 679 1753 Script.
708 1684 810 1745 occur.
903 1616 1064 1730 Rullum
1088 1664 1215 1755 pietatis
1236 1664 1379 1733 officium
1418 1686 1496 1756 erga

380 1757 424 1823 lN
449 1758 495 1822 ll.
511 1756 738 1826 NOCTURNO
900 1756 1065 1848 proximos
1094 1757 1260 1839 emittens,
1282 1758 1491 1850 pauperibus,

505 1852 587 1919 leot.
611 1870 652 1917 rr.
904 1848 1063 1939 quidquid
1101 1848 1161 1916 sibi
1199 1872 1240 1918 ex
1293 1852 1493 1920 emendicato

265 1888 420 2031 Angela
449 2003 457 2014 .
490 1945 615 2012 lterioia
683 1943 850 2011 Decentiu—¹
896 1946 985 2010 victu
1008 1953 1205 2033 superesset,
1228 1943 1433 2033 largiebatur3
1454 1946 1495 2013 li·

260 2034 317 2117 ni,
354 2037 542 2105 Veronensis
584 2039 746 2106 Dioecesis
782 2036 849 2125 Op·
896 2034 1011 2104 beuter
1038 2035 1239 2104 ministrabat
1254 2043 1401 2129 aegrotis,
1416 2039 1493 2131 plu-

263 2120 341 2221 pidu
380 2128 421 2195 ad
463 2131 582 2197 Lacum
621 2134 781 2199 Benacum
823 2131 853 2194 iu
901 2151 1004 2220 raquo
1041 2148 1117 2195 cum
1159 2152 1276 2218 magua
1313 2133 1493 2201 &occure

263 2224 392 2295 Ditioue
416 2223 546 2301 Veneta,
569 2223 630 2309 piis
655 2234 724 2291 orta
740 2246 854 2315 paren·
902 2224 986 2289 fama
1009 2224 1190 2313 peragravit
1211 2223 1297 2304 luca,
1318 2236 1356 2292 ut
1370 2226 1422 2292 rel
1440 2246 1494 2294 se-

263 2318 350 2385 tibus
375 2319 518 2406 aprima
543 2328 644 2384 aetate
668 2317 852 2405 virginitatis
902 2316 976 2383 latio
998 2325 1084 2383 esset
1106 2314 1240 2397 afflictis,
1268 2318 1318 2385 vel
1344 2320 1407 2386 reis
1437 2341 1495 2388 ve·

263 2408 375 2487 lilium,
400 2409 490 2499 quod
530 2422 684 2501 perpetuo
724 2433 852 2479 servare
898 2413 984 2476 uiam
1027 2410 1221 2501 impetraret,
1261 2412 1311 2479 vel
1353 2411 1494 2480 infensus

263 2514 425 2584 statuerat,
442 2504 555 2571 sedula
572 2507 678 2595 sepsit.
696 2503 747 2571 Ab
768 2505 853 2572 omni
902 2504 1037 2570 inuicem
1052 2504 1272 2571 reconciliaret
1287 2505 1422 2586 animos,
1441 2505 1493 2575 vel

263 2595 412 2664 muliebri
436 2609 549 2664 ornatu
563 2597 748 2666 abhorrens
763 2621 854 2687 egre·
901 2619 921 2664 e
943 2596 1094 2662 vitiorum
1111 2614 1214 2662 coeno
1230 2597 1383 2663 scelestus
1399 2618 1493 2665 reru»

263 2690 347 2777 giam
366 2690 476 2757 vultus
501 2692 647 2772 formam,
670 2691 855 2781 pulchram·
901 2686 1218 2775 carot..Augelcrum
1258 2710 1351 2778 pane,
1394 2711 1495 2779 quem

261 2805 328 2871 que
343 2785 516 2854 caesariem
537 2784 681 2853 studiose
705 2784 853 2865 foedavit,
900 2783 997 2849 unice
1024 2778 1195 2860 esuriebat,
1238 2780 1499 2872 frequentissime·

264 2886 305 2941 ut·
324 2875 463 2955 caelesti⁴
480 2875 644 2943 dumtaxat
677 2877 854 2961 animarum
903 2875 1021 2943 refecta
1045 2873 1318 2943 mecaenatis
1351 2877 1383 2942 vi
1412 2875 1496 2945 ferc-

260 2969 387 3059 Sponso
411 2968 559 3059 placeret.
585 2969 621 3035 lu
646 2970 716 3061 ipsu
747 2979 853 3037 autem
901 2966 998 3035 batur
1019 2968 1053 3034 iu
1071 2969 1183 3050 ileum,
1202 2979 1240 3035 ut
1259 2969 1389 3060 saepius
1404 2981 1494 3036 extra

262 3060 499 3129 adolescentiae
542 3060 621 3130 llere
672 3062 857 3154 parentibus
905 3082 1020 3129 sensus
1044 3073 1218 3152 raperetur.
1241 3062 1339 3131 Sacra
1363 3061 1494 3132 Palesti-

261 3153 382 3235 orbata,
397 3154 581 3222 austerioris
596 3158 680 3225 vitae
696 3155 853 3224 desiderio
898 3176 961 3223 nae
978 3156 1056 3223 ioca
1079 3177 1205 3222 summa
1233 3177 1310 3223 cum
1342 3156 1493 3246 religione

261 3249 292 3313 in
335 3248 495 3317 desertum
543 3248 650 3316 locum
697 3249 852 3337 aufugere
900 3248 1011 3333 ubivit;
1037 3268 1105 3336 quo
1128 3250 1164 3316 in
1188 3249 1300 3317 itinere
1314 3260 1348 3318 et
1368 3252 1487 3330 ubam,
1539 3300 1543 3303 -

260 3343 399 3421 tentavit3
412 3342 851 3433 sedabavunculupruhibita
897 3365 995 3431 quern
1020 3343 1062 3409 ad
1088 3340 1249 3433 Cydonias
1264 3342 1405 3436 appulsa
1420 3363 1494 3411 uras

265 3437 355 3501 novit
379 3448 538 3525 praestare
562 3436 660 3517 domi,
691 3435 780 3525 quod
822 3438 855 3503 in
906 3437 1065 3515 amiserat,
1088 3434 1203 3503 eudem
1227 3457 1374 3525 regressa
1399 3458 1494 3507 recu-

258 3527 433 3596 solitudiue
458 3552 523 3597 nun
547 3530 646 3597 licuit.
671 3530 782 3597 Cilicio
813 3550 851 3596 ac
897 3530 1032 3618 paravit,
1056 3537 1089 3595 et
1109 3526 1322 3597 barbamrum
1355 3530 1494 3623 captivi-

261 3617 394 3706 llagellis
420 3622 601 3712 frequenter
624 3646 683 3690 usa
716 3646 845 3691 caruem
893 3632 989 3689 tatem
1013 3642 1054 3689 ac
1078 3621 1279 3711 naufragium
1318 3626 1393 3695 imm
1403 3627 1499 3689 inens

260 3712 388 3777 nonnisi
402 3714 524 3781 infirma
537 3717 729 3795 valetudiue,
744 3718 853 3783 viuum
900 3713 1053 3783 divinitus
1080 3716 1188 3784 evasit.
1205 3718 1336 3783 Rumam
1351 3716 1491 3804 deuiquc

261 3806 294 3870 in
320 3805 508 3887 Natiuitatis,
547 3821 580 3876 et
606 3810 855 3875 Resurrectionis
901 3807 1027 3876 firmam
1052 3808 1214 3878 Ecclesiae
1237 3812 1361 3877 Petram
1392 3829 1491 3875 vene-

262 3898 449 3966 Dominicae
487 3913 608 3967 tautmu
641 3901 855 3991 celebritate,
905 3913 1023 3982 ratura,
1050 3914 1084 3969 et
1105 3901 1318 3991 amplissimae
1356 3898 1491 3967 lubilaei

262 3991 449 4081 complures
471 4015 548 4061 veru
573 3995 645 4063 dios
658 3994 733 4061 nibil
751 3998 853 4061 oroni-
900 3997 1012 4062 reniae
1036 3993 1222 4085 percupida,
1249 3992 1381 4061 sedente
1418 3994 1491 4063 Cle·

261 4104 305 4151 uo
336 4087 524 4175 degustavit.
565 4084 705 4155 Orationi
746 4087 855 4155 dedita
903 4100 1011 4157 mente
1034 4088 1267 4167 llll,acoassit;
1283 4108 1381 4175 quarn
1396 4088 1492 4155 Sum·

261 4176 483 4249 brevissimum
496 4178 586 4246 humi
602 4180 751 4272 carpebat
767 4202 853 4249 som-
893 4205 974 4248 -mus
990 4179 1135 4248 Pontifex
1148 4180 1320 4263 allocutus,
1345 4180 1495 4271 ejusdem

261 4293 350 4355 uum;
375 4276 569 4353 Daemuuem
594 4296 670 4345 veru
699 4273 761 4343 sub
799 4275 849 4343 lu·
898 4274 1139 4373 sanctimoniam
1162 4276 1308 4367 suspexit
1346 4285 1492 4347 etcum
