3584 5034
686 661 813 731 castrt
838 664 1037 732 cercetas
1412 661 1476 727 tta

221 792 285 844 'ao
307 776 427 846 Callisti
460 775 693 872 coemeterium
726 775 836 868 appel·
878 778 952 865 jori,
976 775 1113 844 maxima
1128 767 1230 844 'vena
1349 771 1473 841 colitur.

245 870 337 938 bbere
452 895 457 900 ·
930 873 963 948 tl.
988 870 1075 937 Stola
1093 866 1311 959 jucundita.

291 967 322 1043 d.
347 964 525 1032 Honestum
548 964 632 1032 lecit.
990 964 1033 1029 IN
1059 963 1115 1030 Ill:
1139 959 1362 1029 NOCTUltNO

470 1060 553 1126 Lect.
582 1077 611 1123 v.
871 1136 876 1140 .
932 1055 1050 1124 Hamil.
1075 1073 1174 1145 super.
1196 1056 1315 1141 annp.
1339 1047 1420 1119 Nihil
1431 1061 1514 1120 est·

243 1103 423 1310 l{bjtrctdpplr
465 1152 589 1311 ppetatip
627 1150 712 1312 sepit,
737 1148 841 1310 ‘qumi
885 1129 1032 1241 opertum
1058 1148 1093 1216 in
1119 1153 1212 1218 Brea.
1236 1149 1292 1216 bac
1317 1145 1378 1212 die.
1448 1240 1453 1250 Ι

268 1256 330 1311 eeu
420 1264 524 1311 corr
592 1267 641 1312 res
689 1255 827 1324 tert,c
976 1267 982 1280 ·
1160 1281 1203 1293 -

244 1267 544 1429 Martyris'cirpus
561 1269 720 1426 'jactatllm
739 1338 769 1402 in
788 1338 838 1402 ti·
1093 1335 1190 1402 DOM.
1222 1333 1278 1400 lll.

244 1430 347 1497 barim
370 1431 516 1519 conquiri
552 1431 721 1521 diligenter
745 1449 839 1500 cure·
1005 1430 1171 1498 cnnrrirn
1202 1427 1235 1493 B.
1265 1425 1304 1492 ll.
1329 1426 1364 1494 V.

243 1525 314 1602 vit,
340 1533 372 1590 et
395 1525 557 1590 inventum
587 1524 764 1592 honorilice
784 1543 839 1590 sa·
1098 1523 1181 1612 cept.
1197 1520 1271 1608 maj.

245 1615 557 1708 petivitPalmatiurn
571 1618 742 1700 consulari,
756 1619 838 1685 Sim·
901 1621 991 1688 Oran.
1007 1628 1039 1687 ut
1057 1617 1093 1684 in
1103 1613 1274 1705 appendice
1293 1609 1469 1682 Breuiarr'i.

247 1711 377 1801 plicium
402 1712 559 1778 senatoria
584 1711 734 1802 dignitate
769 1711 842 1779 illu·
1163 1747 1204 1758 -
1465 1715 1469 1726 '

246 1815 336 1884 stres,
362 1805 509 1884 Felicem,
535 1815 568 1873 et
592 1801 755 1887 blandam,
784 1805 840 1894 qui
1111 1801 1181 1868 [llll
1209 1801 1261 1866 47,

247 1895 363 1966 deinde
386 1917 499 1966 omnes
522 1895 710 1993 martyrium
735 1898 843 1966 subis·
913 1899 1063 1966 lrrverrrm
1094 1894 1254 1962 Consonus
1279 1893 1313 1959 S.
1335 1891 1374 1959 ll.
1399 1892 1458 1960 Sl-

203 2067 208 2072 ,
247 2012 309 2072 re,
350 2012 426 2058 curn
465 1990 622 2080 baptismo
660 1993 844 2073 lustrasset,
914 2008 1000 2060 cous
1024 1991 1196 2058 Pannonis
1219 1989 1353 2054 Pnrucn.
1369 1987 1457 2054 cern.

247 2086 368 2151 missus
390 2094 441 2149 est
454 2085 486 2148 in
502 2105 674 2166 carcerem,
694 2085 752 2153 ubi
776 2087 843 2152 Pri·
1091 2083 1283 2154 turonium

248 2187 359 2244 vatum
372 2175 502 2243 militem
518 2178 680 2256 ulceribus
695 2179 839 2268 plenum,
1099 2175 1275 2265 duplmaj.

250 2267 476 2337 admirabiliter
499 2273 621 2337 sanitati
647 2267 845 2353 restitutum,
903 2273 911 2286 '
940 2269 1058 2339 Omnia
1088 2281 1122 2340 at
1145 2268 1181 2336 in
1212 2270 1302 2336 Festo
1334 2266 1480 2334 Transla-

250 2362 374 2431 Christo
398 2360 551 2451 adjunxit3
575 2383 634 2455 pro
658 2358 725 2454 quc
741 2364 836 2446 idem,
886 2363 986 2433 tionis
1010 2364 1148 2454 ejusdem
1172 2363 1216 2429 25
1245 2357 1332 2432 Maii
1352 2369 1479 2450 praeter

252 2477 364 2524 recens
399 2455 549 2524 adbuca
583 2457 648 2526 fide
682 2469 842 2548 suscepta,
894 2457 1083 2526 Orationem.
1277 2459 1279 2466 ‘
1321 2453 1483 2552 ME·

251 2548 426 2641 plumbatis
442 2571 547 2640 usqua
563 2550 604 2618 ad
621 2562 756 2620 mortam
772 2573 843 2620 cae
1132 2547 1241 2616 Oratio
1536 2627 1538 2632 ,

251 2663 319 2726 sus,
343 2641 504 2710 occubuit.
827 2675 830 2683 v
893 2596 1019 2723 Bous,
1044 2642 1099 2731 qui
1123 2640 1316 2709 adsalutem
1339 2637 1486 2707 fidelium

299 2744 331 2818 d.
355 2735 556 2822 Desiderium
580 2741 712 2808 animae
892 2747 1021 2805 tuorum
1063 2738 1176 2814 Beatae
1219 2734 1335 2802 llariaa
1380 2732 1487 2798 Matris

473 2832 555 2900 Lect.
578 2852 619 2899 rr.
894 2830 1122 2922 Apostolorum
1146 2829 1288 2907 loannis,
1313 2836 1346 2895 et
1376 2825 1488 2893 lacobi

253 2873 368 2990 Sedit
391 2923 538 2991 Callistus
561 2946 663 2994 annos
685 2929 842 3017 quinque,
891 2925 1042 3013 reliquias
1065 2922 1246 2990 miserando
1270 2919 1403 2989 revelari
1416 2920 1487 3009 jus-

252 3038 394 3084 menscm
420 3039 543 3098 unum,
567 3019 635 3088 dias
660 3017 844 3088 duodecim.
891 3019 968 3098 sisti,
997 3016 1102 3084 tribue
1125 3037 1333 3107 quaesumus,
1358 3025 1395 3080 at
1418 3033 1488 3079 cm-

253 3109 516 3178 Ondinaticnibus
551 3114 698 3203 quinque
737 3135 847 3181 mense
895 3133 953 3180 nes
978 3113 1046 3201 ejus
1081 3111 1288 3270 implorantes
1323 3106 1488 3187 auxilium,

252 3203 420 3271 Decembri
470 3207 588 3274 creavit
642 3206 850 3299 Presbytercs
896 3215 1051 3297 optatum,
1076 3204 1125 3294 ips
1169 3201 1393 3280 intercedente,
1410 3219 1488 3266 cou-

257 3297 445 3384 sexdecim,
489 3299 650 3366 Diaconos
697 3311 846 3390 quatuor,
894 3300 986 3389 sequi
1025 3306 1205 3364 mereantur
1245 3294 1405 3364 ellectum.
1429 3293 1490 3361 Per

254 3391 430 3482 Episcopus
453 3404 537 3459 octo.
563 3395 638 3459 Post
662 3392 848 3482 longamla-
895 3392 1066 3460 Dominum
1091 3399 1235 3456 nostrum
1260 3401 1319 3458 etc.

253 3502 348 3561 mem,
373 3485 567 3575 crebrasque
598 3486 845 3569 verberationes,
1170 3481 1242 3531 --'
1359 3539 1363 3548 .

252 3596 417 3666 praeceps·
431 3592 522 3646 actus
538 3581 568 3645 in
586 3593 730 3671 puteum,
748 3579 846 3671 atqu'a
1113 3575 1185 3642 Illll
1211 3576 1280 3650 dl..

253 3671 298 3735 ita
321 3673 471 3763 martyrio
495 3687 666 3741 coronatus
696 3675 756 3742 sub
774 3674 847 3742 Ale·
927 3670 1337 3742 Ss.Unsomueroc.Vr.
1353 3687 1395 3736 nr
1412 3666 1476 3733 ltu.

253 3761 377 3829 xandro
402 3765 604 3854 Imperatore,
625 3767 730 3834 illatus
753 3778 802 3835 est
817 3769 849 3834 in
1066 3765 1157 3854 dupl:
1173 3764 1209 3832 ia
1232 3762 1321 3832 civit·

254 3855 486 3940 coemeterium
512 3859 685 3949 calepodii,
711 3861 762 3927 via
779 3866 845 3928 du·
918 3856 1036 3926 Omnia
1058 3860 1095 3925 de
1119 3879 1228 3925 comm.
1259 3854 1344 3945 Virp.
1368 3864 1397 3920 et
1420 3851 1469 3920 Μ..

255 3950 343 4030 ralia,
370 3952 461 4018 tertio
484 3950 526 4017 ab
543 3953 630 4021 Urbe
643 3951 760 4044 lapide,
784 3955 849 4044 pri·
962 3943 1132 4038 la‘atrisq.
1166 3953 1253 4039 Vesp.
1276 3960 1307 4016 et
1331 3947 1431 4014 Laud.

166 4049 170 4055 '
254 4041 308 4110 die
332 4043 410 4111 ldus
426 4044 585 4113 Octobris.
610 4047 688 4136 Ejus
703 4058 846 4136 postmo-
939 4042 972 4114 tl.
997 4043 1207 4110 adducantur
1230 4051 1290 4110 etc.
1381 4065 1383 4070 ’

255 4136 333 4203 dum
369 4139 494 4228 Corpus
517 4140 550 4204 in
582 4140 746 4207 Basilicam
771 4162 844 4208 san·
893 4194 896 4200 ,
939 4136 1066 4226 Anrtpt.
1093 4135 1266 4203 Prudentes
1290 4133 1434 4224 Virgines

255 4241 325 4296 ctae
348 4233 701 4302 Mariaelranstiberim
721 4233 762 4300 ab
779 4235 849 4325 ipso
946 4232 1055 4300 Oratio
1080 4232 1128 4308 Da
1151 4230 1260 4308 Nobis,
1277 4247 1485 4319 quaesumus,

254 4322 452 4395 aedificatam
468 4325 620 4412 delatum,
635 4327 698 4398 sab
713 4348 846 4396 arama·
892 4336 926 4396 at
950 4325 985 4394 in
1008 4325 1067 4394 cod
1091 4325 1208 4396 Gomm.
1239 4325 1273 4394 V.
1295 4333 1324 4392 ct
1347 4324 1391 4390 M.
1459 4365 1469 4382 ·
