3584 5034
138 941 141 946 .
253 873 374 942 'iuerat
393 869 597 940 comitatus.
621 869 857 960 Hujusnomen

694 571 821 641 srsra
846 555 1066 644 sennanim
1391 611 1394 614 .
1445 577 1490 643 25

269 687 365 767 mino,
388 692 421 754 et
442 679 588 775 sepultus
609 693 658 754 est
680 682 853 754 inescata
967 674 1023 752 'In
1048 685 1239 776 Quadrffl,
1263 683 1403 757 pram,

270 779 337 860 ⁸5³·
361 775 417 845 ubi
453 776 495 848 ab
515 777 683 868 ,apostolo
717 777 857 848 Minister
1011 829 1063 901 ,ΙΝ
1086 833 1128 902 Π.
1152 831 1376 907 NOCTURNO
1439 799 1443 805 -

270 967 421 1034 asarota
434 965 557 1034 loeune
573 963 810 1058 chrysostomo,
826 975 859 1034 et
1152 966 1238 1034 leot.
1260 985 1302 1033 rr.

270 1081 290 1128 a
312 1059 430 1128 Sancto
456 1057 652 1151 Hieronymo
685 1058 855 1148 praecipue
907 1007 1178 1218 Remotissimap
1201 1059 1353 1150 Japoniae
1371 1058 1493 1150 regioni

270 1149 539 1231 commendatum,
556 1152 778 1244 Martyrologio
796 1154 857 1218 Ro-
903 1151 1053 1219 extremis
1076 1151 1163 1218 orien
1178 1152 1246 1219 alis.
1259 1154 1352 1221 Asiae
1364 1151 1495 1224 linibus
1531 1152 1539 1188 ⁸

269 1265 366 1316 mano
388 1243 499 1316 eadem
523 1243 575 1312 die
599 1246 785 1336 inscriptum
809 1245 856 1313 le·
901 1245 989 1326 sitae,
1021 1263 1106 1333 quae
1135 1244 1191 1311 diu
1220 1246 1252 1312 in
1288 1245 1440 1315 reoobris-
1464 1255 1496 1315 ct

270 1339 364 1429 gitur;
388 1359 500 1407 verum
523 1359 582 1428 pro
607 1332 676 1426 8sz
701 1337 752 1408 die
776 1337 856 1406 festo
904 1338 937 1404 ic
968 1336 1082 1404 umbra
1110 1339 1224 1406 mortis
1249 1339 1386 1421 sederat,
1422 1358 1496 1408 sex·

269 1453 346 1500 cum
370 1428 484 1501 Officio
507 1441 539 1498 e't
562 1431 655 1498 Missa
680 1431 713 1498 in
729 1430 860 1498 ratholi-
907 1430 1496 1524 todecimosalutishumanaeropara·

269 1544 310 1593 oo
334 1522 420 1592 Orbe
455 1523 625 1592 recolendo
649 1522 690 1590 ab
723 1533 861 1614 utroque
910 1533 960 1593 tac
983 1516 1113 1592 saeor'rlo
1143 1523 1324 1594 Catholicae
1355 1521 1496 1594 veritatis

271 1617 390 1696 Claro,
428 1616 564 1707 primam
603 1618 634 1684 in
675 1629 863 1708 sequentem
907 1617 1016 1686 lumen
1039 1617 1164 1689 affulsit
1188 1617 1321 1708 Magnus
1334 1617 1495 1710 siquidem

168 1781 171 1788 ,
271 1709 355 1780 diem
379 1707 511 1778 liberam
533 1711 685 1780 Summus
717 1711 861 1780 Pontifex
908 1709 985 1777 illue
999 1709 1161 1778 ludicrum
1177 1712 1497 1802 ApostolusSanctus

245 1803 349 1872 Pius
372 1803 687 1896 Nonusassignarit.
908 1803 1097 1871 Franciscus
1136 1804 1293 1874 Xaverius
1337 1804 1497 1874 Christum

318 1897 353 1980 d.
376 1896 440 1964 Iste
464 1906 521 1966 est.
627 1947 630 1956 .
891 1894 1098 1986 praedicans
1121 1895 1321 1979 crucifixum,
1343 1897 1425 1966 adeo
1449 1899 1498 1965 irt-

375 1991 419 2058 lN
443 1990 501 2058 lll.
524 1989 748 2060 NOCTUMNO
907 1989 1030 2078 signem
1073 1987 1216 2057 fidelium
1268 1988 1413 2072 fundavit
1446 2011 1500 2060 ea·

316 2083 400 2154 Lect
424 2082 463 2150 de
497 2082 612 2152 Hamil.
627 2087 676 2152 S·
711 2080 861 2174 Greporr'r'
908 2081 1049 2164 alesiam,
1073 2093 1110 2150 ut
1133 2081 1220 2151 hisce
1242 2084 1275 2150 in
1298 2083 1389 2156 terris
1411 2087 1501 2175 Apo·

270 2179 379 2265 Papae
395 2173 430 2244 r‘rr
447 2175 565 2263 Eooop.
590 2177 771 2267 Designavit
797 2177 862 2244 Do-
910 2174 1065 2243 stolorum
1090 2186 1234 2266 tempora
1256 2174 1388 2245 rediisse
1410 2176 1501 2245 ride-

271 2270 379 2338 minus
402 2268 440 2336 da
474 2289 551 2336 com.
586 2269 862 2358 Evaopelistarum
909 2279 1028 2338 rentur.
1059 2269 1133 2337 Non
1161 2269 1205 2338 illi
1234 2268 1329 2338 etiam
1365 2268 1500 2340 deluere

271 2385 343 2431 oum
366 2363 422 2442 dri.
448 2360 486 2428 de
513 2383 589 2429 com.
609 2363 695 2454 Confi
720 2365 809 2434 Part.
825 2365 862 2431 Iu
909 2363 1074 2455 Martyres,
1114 2362 1172 2453 qui
1222 2361 1297 2432 fidei
1347 2363 1501 2455 primitias

274 2456 463 2544 ancarano.
489 2473 531 2522 rx.
555 2456 622 2526 lect.
645 2455 763 2526 Hamil.
789 2459 860 2526 Fer.
908 2457 1064 2544 sanguine
1103 2465 1337 2525 consecrarent
1377 2455 1501 2527 Eodem

511 2591 514 2602 «
544 2585 589 2598 -·-
909 2550 993 2616 enim
1017 2548 1143 2617 labente
1173 2549 1316 2616 saeculo·
1338 2569 1413 2617 cum
1443 2552 1502 2619 Pa·

492 2641 563 2708 Dlll
593 2643 645 2710 l3.
911 2643 1051 2709 icosama
1073 2639 1300 2730 laponensium
1323 2641 1501 2732 Imperator

317 2735 497 2803 Ss.,Psrn1
537 2735 725 2819 Barrrsrrs,
767 2753 863 2806 naum
908 2733 1029 2825 pluries
1079 2732 1242 2800 minitatus
1295 2733 1408 2804 luisset
1464 2743 1527 2807 se'

272 2847 312 2896 nr
336 2829 454 2896 Sacros
476 2826 541 2893 Mu.
565 2829 732 2894 Jnrornns.
911 2825 1104 2917 Philippicas
1156 2825 1277 2898 insulas
1320 2827 1354 2895 in
1406 2849 1502 2898 ruam

344 2981 347 2988 .
513 2919 630 3008 duplae
908 2917 1062 2988 ditionem
1108 2917 1324 3004 redacturum,
1373 2924 1501 2994 censuit

324 3011 442 3082 Omnia
463 3013 501 3081 de
526 3011 692 3082 Communi
709 3010 866 3104 pluriora·
914 3011 1096 3083 Catholicae
1148 3014 1371 3106 Hispaniarum
1436 3019 1503 3086 llex

274 3128 347 3174 rum
368 3107 550 3198 Martyrum
568 3117 669 3197 praet.
694 3111 825 3198 reorent.
912 3107 1038 3198 aliquos
1061 3129 1141 3176 suae
1169 3110 1302 3177 nationis
1336 3108 1503 3200 religiosos

522 3199 632 3270 Oratio
911 3202 997 3270 viros
1032 3201 1201 3292 ‚taponiam
1239 3202 1365 3270 mittere
1413 3203 1502 3294 regio

274 3245 439 3364 Domine
469 3295 548 3362 lesu
579 3292 701 3362 Christe
731 3295 787 3385 qui
826 3293 866 3361 ad
913 3294 1092 3384 legatorum
1121 3313 1254 3360 munere
1291 3305 1421 3365 ornatos
1461 3296 1504 3365 ad

275 3387 321 3454 tui
342 3387 546 3458 imitationem
570 3408 628 3478 per
651 3388 762 3462 Crucis
785 3409 864 3478 sup·
910 3407 1023 3478 pacem
1056 3385 1257 3454 Tricosemae
1294 3386 1502 3460 suadendam.

273 3480 405 3571 plicium
450 3481 604 3580 primitias
650 3479 727 3548 fidei
779 3479 868 3572 apud
916 3479 998 3546 Huic
1021 3479 1108 3572 operi
1132 3477 1276 3548 delectus
1298 3492 1349 3553 est
1377 3485 1505 3553 Fratrer

275 3576 426 3663 taponiae
459 3583 571 3664 'gentes
609 3576 642 3642 in
676 3574 866 3643 Sanctorum
914 3575 1025 3646 Petrus
1038 3573 1177 3663 Baptista
1191 3573 1343 3644 sacerdos
1356 3575 1504 3645 exOrdi·

276 3665 451 3758 Martyrum
474 3669 556 3736 Petri
579 3667 747 3761 Baptistae,
776 3667 867 3736 Pauli
912 3688 954 3736 ne
993 3666 1149 3735 Minorum
1192 3667 1300 3744 Sancti
1342 3668 1504 3740 Francisci

277 3770 310 3829 et
333 3759 498 3840 Sociorum
522 3763 677 3850 sauguine
700 3759 863 3842 dedicasti,
911 3756 1075 3828 strictioris
1098 3758 1502 3833 observantiaedisoclaea-

278 3851 421 3924 concede
443 3873 648 3942 quaesumus,
674 3861 710 3920 ut
725 3873 863 3944 quorum
911 3863 1020 3922 torum
1042 3875 1170 3924 morum
1201 3854 1364 3925 sanctitate
1387 3862 1420 3922 et
1441 3854 1502 3928 do·

242 3967 245 3973 ·
279 3946 375 4015 hodie
397 3943 550 4014 solemnia
572 3947 718 4028 colimus,
749 3945 866 4016 excite·
913 3947 1013 4015 otrina
1035 3947 1181 4036 insignim-
1201 3946 1255 4015 oui
1271 3945 1324 4011 elii
1341 3944 1405 4015 deti
1424 3962 1501 4021 runt

280 4061 354 4110 mor
369 4037 532 4128 exemplis.
543 4040 604 4120 Qui
621 4040 867 4132 vivisetregnas.
916 4040 994 4108 socii
1031 4061 1072 4108 er
1108 4036 1223 4106 eodem
1264 4034 1393 4109 Ordine.
1426 4043 1501 4126 ‚Qui

401 4133 446 4200 ΙΝ
471 4133 495 4198 1.
524 4131 746 4204 NOCTMRNO
823 4169 826 4176 ·
917 4154 1029 4220 omnes
1051 4130 1240 4222 legationem
1262 4127 1346 4199 hana¹
1366 4155 1408 4205 eo
1429 4155 1503 4205 sus-

350 4294 353 4302 ,
394 4227 479 4316 Leot·
502 4227 539 4332 do
565 4225 671 4321 Scrrp.
695 4251 757 4298 oco.
920 4235 1074 4318 ceperma
1093 4222 1211 4307 auimo,
1240 4224 1385 4328 atinde
1407 4247 1501 4300 occa
