3584 5034
334 630 379 695 70
791 622 1101 693 sustinemus
1274 709 1282 728 s
1456 713 1458 718 .

356 742 428 823 Qua
442 740 499 809 Ilei
516 738 921 829 MagnaeGenitricisalma
1089 735 1202 806 Lectio·
1217 749 1250 806 ιι.
1274 762 1300 807 c.
1330 741 1360 807 3:
1385 740 1458 807 tl:
1496 745 1501 751 '
1535 756 1548 782 ··

456 832 638 925 ¹Splendet
658 833 778 922 Imago.
874 838 910 887 Ἴ
967 784 1054 896 Fili
1075 832 1131 911 mi,
1154 852 1195 901 ne
1224 828 1355 900 effluant
1391 831 1471 901 ha'eo
1496 832 1554 901 ⁴ab

334 926 421 995 Haec
445 926 502 994 ubi
526 928 607 995 mira
629 928 737 1017 specie
760 936 889 1018 repente
968 924 1072 992 oculis
1096 924 1168 991 tuis.
1183 925 1313 993 Custodi
1330 925 1433 1014 legem
1455 935 1554 1015 atque

356 1019 478 1088 Obtulit
496 1028 572 1089 'sese
587 1019 714 1112 populis
738 1018 918 1099 videndam,
965 1015 1143 1099 consilium,
1181 1027 1214 1085 et
1235 1021 1296 1086 erit
1324 1021 1410 1099 vita„
1428 1019 1553 1088 animae

354 1113 453 1182 Multa
483 1134 557 1182 mox
587 1134 698 1182 secum
730 1110 813 1181 bona
837 1111 920 1179 terre
967 1109 1051 1203 tuae,
1069 1120 1101 1177 et
1115 1111 1213 1197 gratia
1225 1109 1373 1179 lancibus
1384 1112 1553 1180 tuisTuuo

403 1217 526 1275 nostras
968 1201 1147 1271 ambulabis
1187 1202 1377 1273 fiducialiter
1423 1207 1456 1273 in
1494 1207 1555 1275 vta

293 1295 295 1297 ’
502 1301 574 1367 Visa
597 1318 749 1390 peroras
802 1308 803 1311 ’
969 1305 1035 1375 tua,
1060 1305 1172 1388 elpes
1197 1308 1358 1366 tuusnon
1388 1299 1553 1391 impinget:

334 1393 407 1485 Ipsa
423 1403 500 1481 tunc
514 1394 615 1483 aegris
638 1391 755 1471 aderat,
773 1391 922 1459 molestos
969 1389 1001 1456 Si
1027 1387 1195 1459 dormieris
1218 1412 1283 1460 uon
1298 1392 1435 1475 timebis,
1462 1393 1553 1483 quie

358 1486 506 1578 Corporis
522 1486 651 1554 morbos
678 1484 839 1574 animique
852 1484 921 1577 pel·
968 1502 1050 1562 scae,
1074 1494 1107 1551 et
1121 1484 1229 1553 suavis
1244 1487 1303 1554 erit
1317 1506 1448 1553 somnus
1464 1492 1553 1553 tuus:

403 1580 482 1660 lens,
970 1596 1011 1642 ne
1033 1597 1150 1667 paveas
1173 1580 1335 1668 repentino
1363 1589 1494 1661 terrore,
1522 1587 1555 1646 et

355 1671 465 1761 Longe
488 1681 520 1739 et
549 1688 718 1740 aerumnas
748 1672 839 1739 Latio
854 1672 922 1757 im-
968 1668 1124 1738 irruentes
1147 1670 1202 1738 tibi
1242 1672 1396 1763 potentias
1442 1672 1556 1763 impio·-

385 1766 557 1833 ,mineutes
596 1846 598 1853 Α
800 1778 803 1787 ·
969 1783 1051 1828 rum.
1075 1763 1230 1830 Dominus
1268 1765 1351 1833 enim
1383 1766 1417 1830 in
1438 1763 1556 1833 ‘latere

429 1898 450 1925 ι,
497 1858 572 1949 Ipsa
595 1856 734 1946 fugabat.
968 1865 1035 1936 tuo,
1059 1866 1090 1924 et
1114 1855 1272 1924 custodiet
1300 1854 1414 1947 pedem
1439 1862 1554 1937 tuoni,

335 1952 439 2042 Virgo,
478 1973 562 2042 quae
609 1952 731 2043 magnis
775 1941 924 2020 decorata
969 1968 1010 2016 ue
1032 1949 1175 2041 capiaris.
1340 1947 1342 1956 ’

403 2046 501 2135 signis
1016 2043 1048 2122 tl.
1072 2041 1339 2132 congratulamini
1362 2038 1449 2109 mihi.
1526 2066 1530 2076 ·

357 2139 450 2229 Nunc
474 2160 606 2229 quoque
629 2134 773 2227 effulges,
798 2137 926 2223 miseris
1125 2135 1231 2206 Lectio
1253 2157 1298 2204 ιιι.
1322 2158 1348 2204 e.
1373 2137 1412 2202 8.·
1470 2164 1473 2169 ·
1513 2149 1518 2174 ’

273 2276 276 2283 ,
398 2232 551 2317 juvamen
633 2302 637 2311 ,
971 2186 1070 2321 Ego
1095 2230 1254 2322 Sapientia
1271 2229 1376 2298 habito
1392 2231 1428 2295 in'
1451 2228 1556 2298 consi-

360 2322 455 2405 offer,
483 2334 515 2391 et
531 2322 610 2391 lusis
632 2324 755 2415 patiens
770 2322 921 2392 clientum
969 2328 1027 2407 lio,
1051 2333 1082 2392 et
1105 2321 1237 2391 eruditis
1261 2324 1414 2393 intersum
1438 2325 1560 2413 cogita·

498 2422 612 2485 Anuue
637 2418 726 2485 votis.
824 2445 827 2454 ¹
976 2416 1126 2488 tionibus.
1143 2417 1249 2484 Timor
1264 2416 1390 2483 Domini
1407 2414 1475 2484 odit
1491 2436 1558 2483 ma·

334 2510 383 2577 Sit
398 2509 485 2577 salus
501 2510 556 2592 illi,
575 2508 684 2592 decus,
702 2521 798 2601 atque
813 2511 924 2590 virtus,
970 2513 1050 2590 lum;
1073 2510 1294 2596 arrogantiam,
1311 2517 1343 2575 et
1364 2506 1560 2599 superbiam,

287 2644 293 2657 ·
358 2604 421 2684 Qui
444 2624 542 2695 super
557 2604 734 2673 coeli'solio
751 2624 926 2673 coruscans
974 2615 1007 2673 et
1029 2602 1112 2668 viam
1134 2621 1277 2693 pravam,
1303 2610 1336 2669 et
1358 2620 1395 2669 os
1419 2600 1561 2689 bilingue
1666 2665 1667 2680 ,

358 2698 476 2781 Totius,
501 2698 612 2766 Mundi
634 2700 747 2769 seriem
769 2697 926 2789 gubernat
970 2696 1117 2766 detestor.
1158 2692 1262 2761 ileum
1302 2702 1351 2762 est
1380 2694 1560 2774 consilium,
1666 2725 1667 2732 ι

359 2790 472 2881 Trinus
496 2803 528 2861 et
550 2814 642 2860 unus.
665 2797 775 2861 Amen.
971 2800 1003 2860 et
1027 2786 1181 2878 aequitas,
1203 2808 1275 2855 mea
1298 2798 1347 2855 est
1381 2785 1560 2881 prudentia,

328 2942 331 2947 ι
362 2890 364 2897 “
456 2886 499 2953 ΙΝ
523 2886 548 2952 1.
579 2884 802 2957 NOCTURNO
874 2898 876 2906 '
972 2903 1045 2953 men
1058 2890 1109 2949 est
1122 2879 1283 2951 tortitudo.
1303 2881 1364 2950 Per
1378 2904 1431 2951 mo
1459 2882 1560 2967 Reges

552 2976 658 3043 Lectio
685 2999 706 3043 ι.
970 2984 1114 3067 regnant,
1130 2985 1163 3043 et
1177 2974 1285 3065 legum
1305 2974 1485 3043 conditores
1504 2973 1559 3061 ju-

354 3069 433 3151 ,Dc
449 3067 502 3136 lib.
519 3066 664 3137 Prooerb.
687 3060 760 3137 c.'2.
781 3072 831 3137 lo.
848 3083 902 3140 ete.
974 3082 1025 3139 sta
1047 3067 1233 3137 decernunt.
1256 3069 1317 3138 Per
1331 3088 1382 3136 me
1398 3067 1562 3155 Principes

337 3114 399 3227 bi
415 3159 576 3229 intraverit
585 3160 739 3251 sapientia
749 3180 807 3229 cor
818 3171 920 3243 tuum,
976 3164 1141 3253 imperant,
1181 3169 1214 3230 et
1254 3170 1398 3253 potentes
1450 3155 1563 3226 dooer-

338 3261 370 3322 et
384 3252 515 3331 scientia
529 3252 652 3322 animae
669 3262 741 3322 tuae
759 3253 924 3348 placuerit,
974 3262 1058 3323 nunt
1091 3250 1254 3341 justitiam.
1294 3254 1362 3341 Ego
1392 3248 1563 3339 diligentes

338 3347 505 3415 consilium
537 3337 693 3419 custodiet
722 3358 763 3431 te,
788 3356 820 3417 et
850 3367 927 3439 pru·
975 3367 1028 3416 me
1052 3343 1159 3436 diligo:
1181 3342 1293 3436 etqui
1315 3365 1408 3413 manc
1431 3342 1564 3434 vigilant

338 3435 452 3512 (tentia¹
467 3440 605 3515 servabit
633 3452 675 3527 te,
698 3454 735 3512 ut
764 3442 886 3511 eruaris
908 3460 930 3508 a
975 3436 1018 3508 ad
1044 3460 1107 3519 me,
1131 3438 1294 3509 invenient
1313 3458 1376 3507 me.

331 3533 390 3601 ‚vin
425 3534 517 3616 mala,
552 3545 585 3603 et
617 3535 659 3604 ab
694 3536 833 3619 bomine,
869 3535 928 3626 qui
1021 3531 1174 3619 13.Bcata
1197 3553 1241 3603 es.

340 3635 491 3733 'perverse
502 3628 660 3725 loquitur.
670 3632 729 3721 qui
740 3629 929 3720 relinquunt
1082 3622 1126 3691 IN
1150 3624 1190 3693 11.
1219 3620 1466 3697 NOCTURNO.⁴

340 3730 398 3789 tter
424 3731 580 3801 rectum,
610 3732 646 3789 ct
667 3720 832 3791 ambulant
871 3743 930 3813 per
1184 3717 1291 3789 Lectio
1313 3738 1359 3806 ιι..

331 3812 407 3883 ‚vias
446 3811 638 3894 tenebrosas
677 3815 734 3906 qni
771 3815 929 3885 laetantur
1022 3810 1070 3881 Ile
1087 3812 1240 3882 Sermone
1254 3813 1289 3881 S.
1305 3812 1474 3904 Augustini
1489 3810 1565 3901 Epi-

339 3927 414 3975 curo
450 3905 705 3990 malefecerint,
729 3917 761 3978 et
784 3908 927 3979 exultant
976 3909 1076 3998 scopi.
1117 3907 1154 3973 In
1200 3905 1312 3976 Notole'
1356 3908 1392 3980 S.
1432 3902 1564 3973 loconis

339 4001 373 4066 in
398 3994 494 4069 rebus
516 4003 676 4094 pessimis‘
691 4022 832 4093 quorum
855 4004 928 4071 vine
1190 3999 1364 4089 Baptistae.

339 4113 507 4181 perversae
530 4106 615 4178 sunt,
630 4104 664 4189 et
684 4096 817 4165 infames
840 4116 927 4189 gres·
975 4048 1176 4161 Hominem
1207 4094 1356 4187 concepit
1387 4085 1560 4172 Elisabeth,

340 4205 397 4251 sus
420 4198 543 4257 corum.
742 4254 745 4261 ,
975 4187 1134 4257 hominem
1175 4184 1282 4253 llario:
1307 4181 1366 4254 sed
1399 4179 1566 4252 Elisabeth

388 4275 419 4353 b·
444 4278 566 4348 Sancta.
829 4348 831 4355 ,
890 4348 893 4355 ,
973 4282 1078 4352 solum
1102 4276 1271 4364 homiuem,
1289 4276 1385 4350 Maia
1398 4275 1516 4362 Deum,
1531 4287 1566 4349 ct
