3584 5034
672 581 797 648 busun
822 581 1039 651 FEBRUARH
1422 579 1465 647 td

247 691 331 782 quod
346 690 474 761 tradidit
489 693 521 759 iu
537 701 670 761 mortam
688 695 836 774 animam,
873 694 956 774 stoli,
981 691 1037 761 sed
1062 693 1190 785 loseph,
1206 706 1241 762 et
1256 691 1465 775 Nicodamus,

244 808 341 867 suam,
365 796 397 854 et
419 805 493 852 oum
518 786 676 854 sceleratis
700 797 828 878 reputa·
875 799 911 854 ut
926 790 1064 855 loannes
1087 786 1172 869 dicit,
1188 786 1346 855 Christum
1370 809 1470 878 sepe·

244 891 291 948 tus
306 889 362 948 est:
380 889 411 946 et
427 879 493 970 ipse
510 889 639 970 peecata
655 879 828 956 multorum
876 879 982 948 liunt?
1006 881 1096 950 Unus
1114 882 1222 971 justus
1246 889 1278 948 et
1303 891 1463 960 constans,

244 973 320 1053 tulit,
344 983 376 1041 et
390 993 450 1063 pro
474 973 760 1064 transgressoribus
777 995 829 1041 ro·
874 973 964 1053 alter,
989 975 1044 1062 qui
1061 984 1129 1041 erat
1145 975 1292 1064 magister
1309 973 1340 1039 in
1357 972 1464 1041 lsrael.

245 1067 341 1154 gavit·
725 1135 729 1142 ,
878 1066 961 1132 Talis
983 1066 1066 1132 enim
1092 1066 1204 1134 Christi
1221 1076 1269 1135 est
1292 1067 1466 1156 sepultura,

284 1165 316 1238 ri.
349 1160 446 1225 Tuam
484 1159 658 1228 Sindonum
691 1177 836 1227 venera·¹
872 1181 957 1251 quaa¹
976 1159 1158 1248 justitiam,
1184 1160 1468 1249 magisteriumque

242 1271 315 1322 ntur
352 1253 512 1331 Domine,
537 1264 624 1320 tuam
657 1251 828 1340 gloriosam
875 1251 998 1318 habeat.
1039 1252 1223 1319 Obstruitur
1254 1254 1348 1340 igitur
1371 1252 1472 1341 tergi·

242 1344 410 1418 recolimus
437 1344 663 1436 passionomt*
684 1345 828 1410 lliserero
879 1345 1026 1412 versandi
1050 1345 1153 1428 loouS,
1167 1356 1198 1412 et
1213 1347 1388 1412 domestico
1412 1348 1468 1413 lu-

241 1436 332 1510 nobis
356 1438 411 1526 qui
436 1459 550 1528 passus
574 1461 608 1505 es
633 1435 839 1527 pronubis..
878 1438 947 1504 daei
967 1439 1144 1507 testimonio
1160 1440 1375 1507 revincuntur.
1387 1441 1468 1505 Nam

285 1533 314 1600 ll.
339 1530 432 1598 Salva
448 1543 645 1621 praesentem
668 1539 831 1598 catervam
877 1531 903 1597 si
929 1532 1075 1621 Apostoli
1101 1532 1296 1622 sepelissent,
1326 1532 1467 1600 dicerent

240 1625 271 1692 iu
294 1624 358 1692 tuis
383 1622 478 1692 hodie
502 1623 655 1706 laudibus
694 1643 828 1712 cougre-
877 1625 989 1712 utique
1013 1647 1077 1693 non
1102 1626 1274 1715 sepultum,
1303 1648 1399 1714 quem
1418 1647 1468 1692 se-

235 1725 352 1808 getum.
377 1717 532 1786 Miserere.
749 1759 753 1766 -
872 1717 1016 1806 pultum,
1049 1729 1174 1808 raptum
1206 1740 1276 1786 esse
1310 1718 1467 1784 dixerunt.

282 1809 390 1880 Gloria
416 1811 506 1877 Patri.
531 1809 687 1886 Miserere.
874 1813 890 1877 l
895 1819 985 1875 ustus
1002 1821 1108 1876 autem
1126 1811 1238 1877 Christi
1255 1831 1373 1902 corpus
1389 1832 1467 1902 ope·

352 1905 397 1970 IN
421 1904 461 1986 Il.
485 1903 709 1972 NOCTURNO
873 1905 915 1970 rit
938 1901 1100 1994 Syndone,
1117 1905 1278 1972 innocens
1294 1907 1384 1994 ungit
1406 1927 1466 1970 uu-

283 1997 411 2086 Autiph.
425 1997 522 2078 Quasi
534 1994 741 2066 absconditus
755 1994 826 2064 vul-
873 2007 1000 2084 guento.
1025 1997 1173 2086 Namque
1198 1996 1276 2064 baec
1304 2019 1368 2066 uon
1385 1998 1465 2065 otio-

237 2101 294 2158 tus·
314 2090 394 2177 ejus,
414 2099 447 2156 et
462 2090 643 2180 despectus,
665 2086 752 2158 uude
767 2107 827 2157 neo
874 2109 910 2156 se
934 2087 1080 2156 distincta
1104 2091 1292 2180 reperimus
1318 2091 1395 2180 quia
1413 2092 1466 2179 ju·

236 2184 460 2275 reputavimus
484 2204 567 2250 eum.
834 2227 836 2235 ·
875 2182 958 2250 stitia
983 2183 1079 2255 vestit,
1098 2183 1290 2264 Ecclesiam,
1314 2184 1467 2252 innoeen-

434 2276 554 2345 Psulm.
581 2275 632 2340 23.
661 2269 666 2278 ’
831 2351 838 2360 q
875 2276 921 2342 tia
945 2277 1075 2364 gratiam
1101 2274 1327 2344 subministrat

238 2368 367 2458 Domini
379 2378 427 2438 est
438 2379 530 2450 terra,
540 2365 741 2459 elplenitudo
753 2369 831 2457 ejus:
927 2369 1013 2448 mo
1048 2368 1242 2437 admirabilis
1280 2369 1420 2440 Sindon!
1444 2365 1466 2409 *

290 2463 415 2552 Antr'ph.
450 2463 570 2534 Omnes
599 2460 743 2530 videntes
767 2482 828 2543 me,
876 2459 915 2527 lu
940 2482 1006 2550 qua
1021 2462 1192 2552 involutus
1205 2474 1265 2540 ,est
1300 2464 1475 2532 thesaurus

241 2553 422 2623 deriserunt
438 2577 499 2636 me,
515 2554 613 2621 locuti
637 2563 713 2622 sunt
728 2553 831 2637 labiis,
882 2563 1000 2633 noster,
1025 2553 1200 2644 redemptio
1231 2559 1444 2645 captivorum.

241 2657 274 2718 et
297 2658 466 2718 moverunt
481 2657 587 2738 eaput.
921 2645 950 2710 ll.
975 2645 1101 2717 Gaudet
1122 2655 1208 2712 totus
1230 2648 1382 2728 mundus,
1403 2650 1464 2735 qni

434 2743 554 2809 Psalm.
582 2743 636 2808 26.
875 2740 1061 2828 redemptus
1083 2748 1132 2806 est
1147 2741 1308 2828 sauguine
1338 2741 1478 2810 Domini¹

284 2833 442 2912 Dominus
466 2833 650 2908 illuminatio
676 2851 746 2898 mea
764 2884 777 2912 ,
796 2840 838 2899 et.
874 2834 934 2900 sui.
959 2832 1005 2898 ln.

234 2925 433 3007 salusmea,
457 2923 478 2966 *
503 2946 600 3013 quern
624 2921 766 2990 timebo?
1106 2927 1188 2994 Lert.
1212 2947 1241 2993 r.
1348 2962 1350 2965 ·

286 3017 410 3107 Antr'ph.
445 3017 587 3085 Tradidit
625 3019 658 3082 iu
696 3025 830 3084 mortem
877 2969 1000 3084 vesti
1023 3037 1099 3107 ergo
1123 3029 1155 3085 et
1177 3030 1212 3087 tu
1236 3021 1364 3089 Domini
1390 3041 1463 3089 eor-

233 3111 374 3178 animam
398 3133 516 3190 suam,
541 3113 663 3201 etipse
697 3119 827 3200 peecata
874 3129 937 3199 pus
971 3111 1071 3201 gloria
1094 3133 1175 3194 sua,
1200 3126 1237 3182 ut
1263 3125 1295 3181 et
1325 3116 1391 3205 ipse
1421 3116 1466 3181 sis

235 3205 414 3286 multorum
438 3205 544 3272 tulit.
802 3255 804 3260 .
870 3202 988 3291 justus.
1012 3205 1051 3270 Et
1067 3205 1093 3272 si
1109 3215 1271 3273 mortuum
1295 3207 1409 3285 eredis,
1431 3227 1467 3275 o·

251 3363 257 3372 ‚
425 3300 543 3366 Psalm.
578 3297 631 3363 29.
830 3327 832 3334 a
874 3298 945 3385 peri
984 3308 1090 3364 tamen
1128 3297 1297 3367 divinitatis
1320 3301 1467 3393 propriae

284 3389 496 3473 llxultabo‘te,
514 3391 658 3470 Domine,
676 3388 835 3477 quoniam
876 3387 1086 3478 plenitudine;
1111 3413 1196 3480 unge
1220 3392 1298 3460 illud
1325 3393 1465 3487 myrrha,

233 3485 404 3574 suscepisti
430 3508 503 3554 me:
566 3495 569 3504 '
875 3492 908 3548 et
931 3483 1029 3563 aloe,
1055 3495 1091 3550 ut
1114 3481 1220 3554 bonus
1245 3486 1326 3555 odor
1349 3487 1465 3555 Christi

285 3583 314 3648 rl.
340 3575 519 3646 hdoramus
542 3588 573 3646 te
590 3574 711 3646 Christe
726 3572 824 3644 albe·
872 3573 924 3641 sis.
949 3577 1071 3644 Bonum
1097 3577 1229 3649 linteum
1247 3583 1332 3649 misit
1346 3578 1466 3670 loseph

232 3669 417 3740 nedioimus
440 3671 504 3739 tibi.
874 3667 926 3740 ille
951 3671 1007 3760 vir¹
1019 3670 1139 3758 justus3
1164 3686 1195 3741 et
1217 3675 1349 3742 fortasse
1373 3670 1462 3751 illud,

285 3768 320 3845 il.
343 3763 426 3842 Quia
448 3786 505 3852 per
529 3783 658 3832 erucem
675 3769 761 3827 tuam
778 3781 828 3828 re·
875 3761 965 3848 quod
990 3762 1102 3830 Petrus
1125 3768 1203 3834 vidit
1218 3789 1237 3834 a
1252 3768 1341 3834 caelo
1364 3763 1404 3831 ad
1428 3786 1465 3832 se

232 3856 365 3926 demisti
389 3857 554 3926 mundum.
879 3874 950 3922 esse
973 3853 1157 3939 demissum,
1177 3861 1207 3927 in
1224 3881 1290 3950 quo
1305 3867 1395 3926 erant
1409 3877 1464 3945 ge-

321 3951 435 4019 Sermo
459 3950 563 4018 Sancti
588 3946 746 4016 Ambrosii
876 3967 954 4015 nera
977 3949 1233 4041 quadrupedum,
1258 3960 1290 4020 et
1313 3953 1464 4033 serarum,

457 4041 615 4133 Episcopi.
878 4048 913 4106 et
939 4041 1107 4109 voluerum
1143 4043 1185 4110 ad
1224 4043 1462 4112 similitudinem

250 4111 257 4118 ’
354 4137 501 4205 mern.
594 4136 669 4203 nnc.
694 4134 737 4201 aa
824 4185 836 4192 ..
874 4134 1039 4222 genuum
1062 4135 1205 4224 figurata.
1224 4139 1462 4232 uysraorgnur

238 4183 356 4323 Quid
374 4229 433 4300 sibi
457 4229 537 4314 vult,
554 4227 643 4321 quod
659 4247 724 4298 non
739 4229 825 4318 hpo·
872 4237 1037 4317 unguento
1062 4228 1116 4298 illo
1128 4230 1242 4321 pistico
1264 4232 1461 4323 consepelio-
