3584 5034
696 624 822 693 FESTA
847 624 1005 695 anulus
1417 624 1463 691 bl

393 780 395 787 ν
465 736 608 825 Hymnus
877 736 965 805 rulas
988 734 1165 806 honorilice
1200 730 1465 816 translucendum,

244 772 383 896 Laetis·
397 844 550 897 canamus
573 827 709 899 vocibus
873 841 906 900 et
922 830 952 897 in
970 840 1081 923 crypta
1098 832 1130 897 B.
1149 826 1295 896 Andreae
1310 827 1464 919 Apostoli,

310 922 434 989 Summi
458 921 513 988 Dei
538 925 716 1013 praeconia,
872 926 944 1013 ejus
967 925 1108 991 Civitatis
1147 923 1332 1013 Episcopo,
1357 920 1463 1003 Clero,

310 1014 424 1103 Magno
448 1013 541 1083 beato
558 1015 675 1097 debita.
872 1017 1062 1108 populoque
1089 1018 1241 1084 universo
1273 1011 1463 1093 confluente,

311 1107 395 1173 Dum
419 1107 574 1175 solvimus
585 1110 760 1178 solemnia.
877 1133 916 1179 ac
941 1111 1008 1179 Deo
1023 1118 1186 1201 protento
1202 1128 1335 1175 munere
1350 1107 1465 1195 gratias
1525 1169 1531 1179 ,

242 1200 352 1267 Pastor
376 1222 456 1291 puer
482 1200 652 1269 balantium
869 1215 999 1293 agente,
1023 1201 1247 1270 collocandum
1259 1202 1392 1268 curavit.
1408 1199 1465 1267 Ut·

311 1293 480 1383 Exemplar
502 1306 550 1363 est
574 1296 750 1364 modestiae
878 1320 944 1389 que
967 1295 1121 1376 debitum,
1146 1295 1177 1362 in
1201 1294 1354 1361 honorem
1383 1292 1465 1363 ilar.-

310 1386 425 1453 Cbristi
447 1388 488 1453 ad
513 1388 650 1477 regenda
673 1408 793 1480 pascua
872 1391 951 1483 tyris
965 1388 1118 1469 officium,
1134 1387 1267 1477 singulis
1284 1388 1375 1453 annis
1390 1407 1464 1477 per-

310 1480 408 1568 Major
430 1491 563 1548 vocatur
586 1481 729 1550 coelitus.
873 1482 1061 1563 solveretur,
1073 1482 1181 1549 dotato
1193 1478 1373 1573 sepulchro,
1389 1479 1462 1545 lun·

240 1573 345 1641 Virtus
363 1573 474 1661 jugata
500 1572 643 1641 moribus
876 1574 954 1663 dnm
978 1573 1128 1644 attribuit.
1154 1576 1270 1642 Verum
1298 1571 1464 1664 permultis

247 1718 251 1729 .
311 1665 578 1757 lt‘undequaque
604 1666 734 1757 fulgida,
874 1679 985 1761 postea
1023 1671 1115 1736 annis
1152 1667 1293 1759 elapsis,
1319 1664 1464 1732 immanis

299 1759 350 1825 -Et
363 1757 545 1849 prodidere
567 1760 706 1850 plurima
875 1762 941 1830 ilex
965 1762 1196 1830 Saracenorum
1219 1761 1311 1827 lduca
1327 1780 1402 1826 cum
1419 1765 1463 1823 ll-

311 1852 388 1941 lq‘us
407 1851 504 1941 jubar
527 1852 712 1921 miracula·
876 1855 998 1947 poliam
1023 1876 1148 1923 omnem
1167 1905 1175 1935 ,
1196 1864 1231 1922 et
1257 1852 1462 1942 Campaniam

240 1942 309 2011 Non
335 1942 433 2013 verba
458 1945 547 2013 lactis
571 1946 699 2015 dissona
875 1947 1110 2039 depopulatus,
1136 1947 1244 2015 multis
1268 1944 1397 2037 oppidis
1418 1954 1465 2011 at-

309 2036 402 2125 Gragi
428 2040 575 2127 magister
598 2039 733 2107 tradidit:
873 2063 939 2131 que
962 2040 1103 2110 Urbibus
1128 2041 1348 2107 munitissimis
1369 2058 1462 2105 ever-

307 2131 410 2197 Datur
433 2128 578 2199 laborum
602 2135 780 2223 praemium
874 2138 929 2213 sis,
953 2136 1128 2223 anagniam
1151 2154 1284 2224 quoque
1307 2132 1339 2198 in
1369 2151 1462 2198 suam

309 2223 401 2291 lusto
426 2223 550 2292 Corona
574 2226 729 2319 Martyris.
872 2237 1059 2318 potestatem
1094 2227 1291 2317 redegisset,
1329 2223 1461 2291 l'erulas

237 2316 306 2385 Deo
331 2316 413 2383 Patri
437 2318 479 2384 sit
501 2318 600 2407 gloria
623 2331 681 2387 etc.
778 2366 780 2371 .
868 2318 1023 2389 hostiliter
1058 2322 1198 2402 invasit,
1222 2338 1264 2385 ac
1301 2318 1461 2409 primariis

478 2410 586 2481 Oratio
870 2412 1001 2481 Civibus
1017 2414 1192 2495 trucidatis,
1205 2412 1313 2479 omnia
1329 2408 1392 2478 sibi
1408 2432 1466 2501 per

237 2450 386 2599 Adesto
420 2504 554 2573 Domine
578 2506 819 2598 supplicationi·
866 2507 1067 2599 tyrannidem
1089 2509 1266 2597 usurpavit.

235 2590 298 2663 bus
315 2600 442 2678 nostris,
457 2609 488 2667 et
498 2602 714 2669 intercedente
731 2602 825 2667 beato
919 2607 949 2672 rt.
975 2601 1043 2665 Lux
1067 2610 1230 2691 perpetua,
1247 2606 1307 2663 ete.
1323 2597 1384 2683 vslj
1396 2594 1462 2661 Hu-

237 2688 350 2779 Magno
376 2691 512 2783 Martyre
535 2706 590 2760 tuo
613 2709 711 2783 atque
743 2696 825 2762 Pon·
874 2704 1010 2762 nestum.
1044 2741 1047 2745 -
1258 2718 1261 2723 ·

237 2781 345 2863 tilica,
369 2781 410 2848 ab
435 2782 571 2851 bostium
596 2808 655 2852 nos
690 2785 826 2855 delendo
1100 2785 1181 2853 Lect.
1213 2801 1241 2848 v.
1285 2858 1291 2870 .
1369 2806 1399 2842 Α

236 2878 398 2968 propitius
413 2878 556 2943 incursu.
570 2878 630 2945 Per
646 2878 827 2945 Dominum.
935 2875 1041 2945 uidam
1067 2877 1163 2967 igitur
1184 2897 1225 2945 ex
1249 2874 1360 2941 llucae
1399 2877 1461 2941 mi·

276 2994 280 3017 r
373 2970 427 3034 AD
456 2969 694 3039 MATUTINUM
873 2970 1050 3052 litibus,-in
1075 2973 1108 3038 u.
1132 2968 1278 3037 Andreae
1301 2965 1460 3059 templum

248 3081 253 3094 ·
283 3059 437 3153 Hymnus.
462 3064 564 3133 Laetis
588 3078 741 3132 canamus
764 3074 823 3133 eto.
870 3066 1093 3156 irrumpentes,
1117 3060 1292 3156 impudenti
1315 3060 1463 3143 audacia,

236 3166 273 3223 nt
295 3176 403 3248 supro.
874 3177 939 3225 non
963 3160 1051 3227 veriti
1075 3169 1152 3226 sunt
1175 3154 1462 3225 Altariadisturba·

362 3251 406 3317 ΙΝ
431 3250 454 3317 l.
478 3250 701 3321 NOCTURNO
872 3274 917 3331 re,
942 3264 1091 3341 argentea
1115 3271 1189 3318 vasa
1214 3249 1379 3339 diripere,
1404 3268 1460 3315 co-

324 3345 408 3413 Lcct.
431 3342 475 3413 dc¹
494 3347 600 3437 Scrip
624 3367 725 3413 monn.
873 3343 960 3413 dices
976 3335 1111 3424 aule'rre,
1127 3345 1227 3410 sacris
1242 3341 1339 3409 rebus
1363 3340 1461 3426 abuti,

355 3436 398 3504 IN
422 3438 463 3505 ΙΙ.
487 3439 709 3513 NOCTURNO
743 3524 746 3530 Ι
874 3436 1012 3528 denique
1038 3440 1069 3504 in
1093 3446 1248 3528 cryptam,
1275 3432 1329 3501 ubi
1348 3436 1381 3502 S.
1397 3437 1462 3502 lla-

425 3560 428 3567 ·
457 3536 538 3603 Lect.
563 3555 603 3603 tv.
724 3526 728 3549 '
874 3532 926 3620 gni
951 3533 1075 3621 Corpus
1094 3530 1222 3620 jacebat
1243 3529 1285 3599 ad
1302 3528 1463 3596 stabulan-

238 3572 414 3690 Ecclesia
437 3626 633 3694 Fundanaa
663 3626 829 3693 Saracenis
876 3623 953 3691 dum
990 3644 1092 3715 equos
1127 3624 1304 3691 immittere.
1346 3621 1463 3688 l'ernm

237 3710 377 3805 direpta,
402 3718 455 3785 Vir
479 3719 608 3809 quidam
634 3718 765 3797 nobilis,
789 3738 828 3785 ac
876 3730 1005 3807 postero
1027 3718 1098 3798 die,2
1115 3717 1154 3784 ita
1179 3719 1246 3785 Deo
1269 3716 1318 3783 sni
1349 3713 1463 3807 llartp·

238 3807 403 3876 Tribunus
428 3814 460 3877 in
484 3814 665 3904 Campania,
682 3810 737 3877 sed
763 3814 829 3901 pie·
877 3812 920 3876 ris
937 3811 1067 3900 injurias
1083 3822 1305 3902 persequente,
1321 3819 1466 3874 mortuos

238 3912 305 3971 tate
330 3902 477 3984 nobilior,
502 3907 589 3972 Plato
614 3907 752 3983 nomine,
777 3926 828 3971 sa·
874 3903 1167 3995 equospbumique
1191 3911 1389 3972 stratosante
1412 3923 1464 3968 se-

240 4016 334 4065 crum
360 3998 464 4087 Magni
490 3998 624 4090 Corpus,
643 3994 730 4086 quod
748 4000 832 4087 ineo
879 3997 1049 4087 pulchrum
1066 4008 1198 4065 cunctos
1211 3997 1386 4063 inveniunt.
1399 3994 1472 4065 Noc,

238 4090 374 4183 Templo
385 4090 561 4172 conditum,
575 4111 615 4158 eo
631 4101 735 4159 tamen
752 4100 830 4159 tem·
877 4102 982 4158 tamen
1002 4092 1085 4182 impii
1102 4088 1249 4158 satellites
1274 4088 1328 4153 Dei
1347 4108 1465 4155 numen

236 4203 319 4275 pore
343 4185 539 4274 neglectum,
557 4204 596 4251 ac
620 4206 719 4275 prope
743 4187 776 4251 in
790 4204 827 4251 o·
876 4198 1065 4271 agnoscunt,
1089 4180 1144 4251 sed
1160 4184 1208 4246 ira
1223 4180 1332 4271 perciti
1358 4181 1487 4275 sepul·⁸

238 4276 412 4349 blivionem
436 4279 560 4350 venisse
576 4276 753 4376 videbatur,
769 4278 828 4349 Ve·
875 4276 989 4345 chrum
1005 4276 1231 4357 demoliuntur,
1247 4296 1377 4343 sacrum
1394 4295 1465 4343 cor-
