3584 5034
746 606 998 689 tttstnjtttttt
1297 628 1300 631 ’
1412 610 1481 678 ilii

368 718 471 809 Capit.
571 719 638 788 Aet.
654 740 679 785 c.
698 718 753 789 20.
1055 720 1106 790 no
1125 718 1309 809 Moynr'ficct

260 758 451 901 Attendite
491 810 592 899 vobio,
627 821 660 881 et
698 813 848 882 universo
943 810 1066 902 Antiplt.
1107 815 1189 880 Dum
1214 821 1321 883 essent
1358 813 1482 886 Summi

259 908 355 997 gregi,
381 907 412 973 in
437 926 503 997 quo
528 905 745 995 vos-Spiritus
768 926 841 973 san·
888 905 1057 973 Pontifices
1102 917 1225 975 terrena
1270 927 1333 974 ooo
1359 916 1481 976 metuo

260 1012 332 1068 otus
370 1002 476 1089 posuit
521 1001 706 1090 Episcopos·
736 1020 844 1087 rogere
889 1010 974 1079 runt,
1015 999 1070 1067 sed
1092 996 1150 1066 'ad
1194 999 1343 1068 coelestia
1383 1022 1479 1091 mgna

260 1093 432 1185 Ecclesiam
458 1093 524 1175 Dei,
549 1114 645 1184 quam
677 1093 846 1182 acquisivit
893 1093 1025 1183 gloriosi
1049 1094 1232 1181 migrarunt.

260 1190 416 1275 sanguine
431 1208 502 1253 suo.
942 1188 984 1254 Et
1004 1187 1041 1277 fit
1063 1209 1172 1254 comm.
1189 1190 1278 1254 Dom.
1302 1204 1363 1261 oce,

307 1282 340 1356 tl.
380 1280 428 1347 br.
468 1280 614 1347 Exultent
647 1278 735 1367 justi:
760 1276 781 1321 *
811 1278 849 1345 ln
1166 1317 1210 1327 -
1350 1350 1352 1354 ,

261 1373 682 1465 οοηερεοῑιιῠοί.ΕκυΙῑθηι.
1065 1438 1068 1441 ,
1124 1372 1194 1438 lilll
1218 1374 1250 1438 9.

208 1476 210 1481 ’
300 1471 335 1535 t.
361 1468 399 1533 Et
415 1465 648 1535 delectenturin
665 1464 788 1533 laetitia.
805 1466 843 1533 In
946 1466 978 1537 S.
1001 1467 1182 1535 Vstomcnt
1200 1469 1317 1535 erm
1343 1468 1431 1536 llmn.

260 1570 443 1650 conspectu.
1142 1560 1234 1649 Dtrpl.
1405 1579 1409 1587 ’

308 1653 414 1721 Gloria
440 1653 529 1719 Patri.
554 1652 709 1719 Exultent.
803 1724 806 1731 Ι
943 1654 1062 1721 Omnia
1078 1655 1116 1721 de
1133 1651 1300 1723 Communi
1315 1650 1483 1742 Virqinom

306 1750 335 1814 t.
359 1747 439 1814 lusti
462 1758 568 1815 autem
595 1748 625 1812 in
656 1756 846 1837 perpetuum
888 1748 1113 1834 praeteritores
1135 1748 1279 1835 proprio.

261 1840 378 1908 vivent.
1140 1839 1258 1906 Oratio.

238 1974 240 1981 .
306 1934 338 2009 o.
378 1934 417 1999 m
453 1931 538 2023 apud
587 1934 761 2001 nominum
800 1934 849 2001 est
897 1886 1059 1999 flemina
1084 1931 1381 2026 tonstrinam
1406 1934 1483 2000 oea-

260 2045 383 2095 merees
408 2046 529 2093 eorum.
896 2035 959 2091 tam
984 2025 1171 2091 Veronicam·
1187 2025 1343 2112 Virginem
1361 2026 1484 2091 Passio·

447 2122 496 2185 Aoi
518 2106 656 2189 'Nonam
897 2120 946 2184 nis
959 2128 1031 2185 tuae
1042 2118 1138 2206 signis
1155 2119 1328 2185 mirabilem
1343 2117 1482 2197 effecisti,

306 2210 431 2299 Antr'pli.
456 2211 634 2301 Fulgebunt
652 2212 741 2301 justi.
897 2211 1038 2278 concede
1050 2214 1206 2303 propitius
1219 2222 1390 2278 utoarnem
1408 2231 1483 2277 cru-

356 2304 484 2394 Capri..
558 2305 650 2372 Hetr.
667 2328 692 2371 c.
714 2306 765 2371 tt.
893 2303 1055 2392 eligentes
1072 2306 1111 2371 ad
1136 2305 1251 2394 gaudia
1268 2317 1395 2373 aeterna
1412 2326 1484 2394 por-

261 2350 424 2466 obedite
447 2399 631 2489 praeposi-tis
666 2398 787 2479 vestris,
811 2407 843 2465 et
884 2398 998 2477 ¹vimine
1022 2420 1207 2466 mereamur.
1237 2399 1299 2479 Qut
1323 2398 1413 2467 vivis.
1456 2442 1469 2453 «-
1517 2407 1521 2412 ’

258 2488 420 2579 subjacete
443 2494 497 2559 eis:
523 2494 578 2583 ipsi
605 2492 688 2559 enim
713 2492 851 2583 pervigi-
939 2506 943 2511 ’
1021 2491 1063 2557 ΙΝ
1090 2493 1113 2556 Ι.
1138 2492 1360 2559 NOCTURNO

259 2583 336 2663 lant,
360 2589 452 2674 quasi
476 2588 627 2654 rationem
643 2606 703 2677 pro
727 2586 847 2655 anima·
917 2585 998 2652 Lect.
1023 2584 1061 2651 de
1085 2582 1253 2672 Scriptura
1274 2595 1459 2651 occurrente.

259 2676 322 2745 bus
346 2680 456 2745 vestris
473 2678 634 2745 reddituri.
745 2714 747 2719 ·
1001 2678 1044 2744 IN
1068 2676 1109 2743 ll.
1140 2676 1363 2745 Nocttttttto

306 2774 338 2849 tl.
362 2770 406 2837 br.
430 2773 508 2839 lusti
525 2782 639 2839 autem:
663 2770 685 2815 *
709 2773 746 2841 ln
770 2792 842 2862 pet·-
1102 2770 1207 2838 Lectio
1241 2790 1283 2837 tv.
1357 2820 1361 2824 .

257 2871 390 2961 potuum
413 2866 529 2933 vivent.
553 2866 644 2931 lusti.
890 2817 1079 2931 veronica
1089 2862 1130 2932 de
1148 2863 1293 2943 lulianis‚
1310 2872 1405 2932 antea
1420 2862 1482 2932 Ur-

271 2957 274 2961 ’
305 2954 333 3021 i.
361 2958 413 3023 ·Et
451 2957 535 3049 apud
588 2955 757 3025 [lominum
797 2965 844 3024 est
892 2956 963 3025 sula
986 2957 1081 3040 dicta,
1105 2957 1272 3024 lleroatelli
1291 2956 1483 3049 quodoppi·

256 3070 380 3119 merces
404 3072 525 3119 eorum.
550 3050 586 3115 ln
612 3060 809 3141 perpetuum.
894 3050 973 3117 dum
997 3062 1045 3119 est
1087 3051 1289 3120 Urbaniansis
1323 3048 1482 3118 Dioecesis

304 3142 412 3211 Gloria
438 3146 527 3211 Patri.
552 3145 642 3211 iusti.
895 3145 965 3234 piis,
990 3145 1195 3233 honestisque
1219 3142 1401 3233 parentibus
1425 3162 1481 3208 na·
1531 3144 1535 3151 '

308 3234 338 3302 t.
361 3236 671 3305 Exultabuntsaocti
689 3236 844 3325 ingloria.
894 3248 924 3304 ta
953 3236 995 3303 ab
1031 3239 1130 3327 ipsius
1160 3236 1364 3302 incunabulis
1404 3236 1483 3301 mira

307 3332 338 3409 o.
364 3331 578 3402 laetabuntur
616 3332 650 3397 in
690 3329 849 3399 cubilibus
897 3331 1022 3397 suturae
1046 3330 1219 3396 sanctitatis
1254 3329 1367 3396 indicia
1390 3350 1483 3419 prae-

139 3506 145 3521 ·
260 3421 337 3489 suis.
892 3422 970 3490 buit.
995 3424 1074 3489 Nam
1101 3422 1263 3503 infantula,
1304 3442 1377 3490 oum
1402 3422 1481 3490 alias
1521 3500 1525 3508 ι

309 3515 346 3582 ln
366 3515 409 3585 ll.
429 3521 535 3608 vesp.
566 3516 689 3607 Antt'pli.
732 3518 848 3587 Psolrn.
896 3520 1062 3607 copiosum
1091 3515 1151 3583 'lae
1192 3527 1346 3604 sugeret,
1378 3516 1480 3582 tribus

263 3608 362 3697 Capit
391 3622 420 3680 et
443 3614 594 3702 Hymnus,
618 3624 652 3680 ot
678 3610 712 3679 in
736 3612 761 3678 I.
793 3613 849 3679 Ve-
896 3607 1114 3678 hebdomadae
1138 3608 1251 3676 diebus
1267 3630 1386 3701 paucas
1408 3619 1480 3695 gut-

259 3703 376 3789 speris,
414 3716 442 3773 et
480 3706 544 3773 loeo
582 3704 698 3775 ultimi
728 3705 847 3771 Psalm.
895 3703 977 3770 tuias
1003 3724 1094 3771 mane
1117 3713 1149 3771 et
1170 3725 1303 3792 vespere
1326 3700 1481 3790 gustabat.

259 3794 417 3865 Memento
442 3798 573 3866 Domine
599 3796 708 3862 David.
896 3796 953 3872 Vir
977 3819 1032 3863 sex
1056 3818 1181 3863 menses
1220 3806 1302 3873 nata,
1328 3794 1378 3861 die
1401 3794 1481 3859 San-

307 3886 337 3955 i.
362 3890 463 3978 Elegit
487 3913 542 3959 eos
561 3890 712 3958 Dominus
736 3880 847 3958 Sacer·
894 3891 1054 3957 ctissimaa
1070 3889 1224 3955 Trinitatis
1241 3889 1356 3965 tlioato,
1373 3907 1392 3953 e
1408 3887 1480 3954 sinu

138 3978 147 3999 Ἰ
228 3973 235 3985 ’
259 3978 352 4051 does
377 3983 445 4050 sibi.
893 3984 1001 4050 matris
1038 3980 1139 4047 firmis
1170 3981 1319 4071 pedibus.
1334 3978 1479 4069 prosiliit.

309 4086 341 4159 ti.
355 4076 404 4146 td
415 4074 658 4149 sacrificandum
668 4077 697 4145 ei
718 4074 849 4145 hostiam
900 4076 1012 4143 Adhuc
1036 4073 1149 4142 tenella
1185 4073 1344 4139 hominem
1368 4094 1481 4162 quem-

257 4165 374 4245 leudis.
895 4169 968 4237 dam
993 4167 1143 4257 gravibus
1165 4166 1272 4235 verbis
1296 4164 1337 4232 ab
1362 4166 1482 4256 injusti-

277 4278 279 4283 ·
892 4265 933 4329 tia
946 4262 1105 4330 deterruit.
1119 4259 1276 4329 Familiari
1288 4260 1363 4363 lesa
1376 4259 1477 4351 pusii,
