3584 5034
727 573 856 641 ousta
875 572 1106 648 necationis
1445 566 1529 640 ‚lii

302 689 354 754 nis
377 684 531 775 Gregorio
554 684 774 752 decimosexto
797 683 892 754 Prae·
938 680 1176 772 diligentissime
1197 683 1367 774 perpensis.
1385 689 1420 750 et
1450 679 1541 750 assi·-

306 779 465 848 deoeesori
489 779 615 859 Nostro,
637 799 676 846 ac
689 775 789 844 Nobis
812 777 891 869 ipsis
938 773 1010 842 duis
1034 774 1230 866 lervidisquo
1253 773 1294 842 ad
1319 775 1419 842 Deum
1458 793 1531 864 pre·

305 871 429 940 oblatae
452 884 530 939 sunt
561 883 629 938 tum
653 871 694 938 ah
727 869 890 961 Episcopis
937 867 1029 960 cibus
1053 867 1162 936 allusio
1183 921 1191 948 ,
1214 868 1344 935 minime
1380 877 1531 936 mucun-

306 979 375 1032 tum
397 988 417 1032 a
440 967 530 1033 Uero
570 965 758 1044 saeculari,
782 975 894 1030 tuma
940 962 1017 1030 dum
1043 961 1143 1030 Nohis
1165 983 1235 1029 esse
1258 961 1443 1029 censuimus
1477 981 1533 1027 su-

208 1124 212 1132 ,
306 1059 471 1148 Religiosis
512 1059 675 1136 Familiis,
698 1079 736 1124 nc
760 1057 893 1124 summis
942 1076 1052 1148 premo
1081 1057 1196 1122 Nostro
1222 1054 1344 1146 judicio
1374 1055 1534 1121 Immacu-

306 1152 509 1241 Principihus
529 1164 562 1219 et
584 1150 735 1220 fidelihus
760 1151 897 1242 propolis.
947 1150 1039 1216 latam
1066 1148 1164 1239 ipsius
1189 1149 1323 1234 Virginis
1347 1147 1533 1236 Conceptio-

305 1245 373 1312 Nos
398 1246 503 1334 itaque
526 1247 678 1334 singulari
700 1245 795 1310 animi
831 1245 896 1310 No·
943 1265 1014 1310 nem
1040 1243 1172 1322 sancire,
1197 1241 1348 1321 delinire,
1373 1251 1470 1330 atquo
1493 1239 1534 1306 ita

305 1339 363 1406 stri
375 1338 492 1426 gaudio
512 1337 589 1406 haec
612 1337 896 1427 omniaproheno-
930 1335 1147 1428 ¹pientissimis
1170 1335 1314 1418 catholici
1340 1333 1434 1403 Orhis
1450 1331 1533 1400 das-

306 1443 443 1510 sccntes,
466 1453 504 1498 ac
528 1434 614 1499 serio
649 1431 895 1508 considerantes,
944 1429 1050 1509 dariis,
1075 1431 1273 1519 Nostraeque
1290 1429 1322 1496 in
1336 1430 1438 1518 ipsam
1455 1428 1533 1494 Saa-

305 1522 470 1605 vixdum,
501 1524 572 1592 licet
596 1525 751 1604 immeriti,
779 1543 897 1590 arcano
945 1524 1117 1590 ctissimam
1141 1523 1299 1610 Virginem
1317 1521 1421 1611 pietati
1445 1519 1535 1588 satia·

306 1617 432 1684 divinae
458 1617 677 1686 Providentiae
702 1617 835 1684 consilio
857 1614 899 1682 ad
948 1615 1062 1695 lacere,
1085 1637 1122 1682 ac
1146 1616 1240 1682 simul
1266 1617 1297 1682 in
1322 1617 1393 1705 ipsa
1418 1613 1533 1700 Unige-

307 1710 389 1778 hano
413 1711 583 1778 sublimem
603 1713 687 1779 Petri
709 1709 896 1777 cathedram
946 1711 1045 1776 nitunt
1076 1709 1189 1775 Filium
1228 1731 1324 1778 suum
1366 1707 1534 1776 hominurn

307 1805 410 1872 evecti
436 1808 532 1870 mous
558 1804 716 1872 Ecclesiae
739 1802 897 1892 guberna·
945 1803 1096 1870 Nostrum
1122 1805 1230 1870 lesum
1255 1802 1412 1870 Christum
1436 1799 1535 1888 uage

299 1898 571 1988 ¹culatractando
593 1900 823 1989 suscepimus,
848 1898 896 1962 ui-
942 1907 1039 1984 atquo
1063 1898 1165 1984 magis
1199 1893 1434 1972 honorificare,
1457 1911 1533 1962 curn

308 1990 353 2056 hil
393 2003 478 2058 certe
517 1993 679 2082 autquius
718 1990 900 2070 habuimus,
947 1991 981 2056 in
1000 1988 1114 2056 Filium
1126 1988 1285 2056 ralundet
1301 1985 1460 2078 quidquid
1478 1985 1535 2054 ho-

309 2105 406 2173 quarn
431 2104 491 2175 pro
514 2106 639 2150 summa
669 2087 784 2152 Nostra
807 2082 857 2150 val
881 2105 903 2149 a
948 2085 1037 2150 noris
1059 2093 1092 2150 et
1114 2081 1218 2150 laudis
1243 2084 1275 2149 in
1308 2083 1436 2150 lintrem
1477 2079 1534 2146 iru-

308 2178 425 2244 teneris
448 2177 540 2242 anuis
562 2174 639 2266 erga
670 2179 902 2246 sanctissimam
949 2176 1109 2268 penditur.

310 2268 366 2336 llci
407 2270 598 2337 Geniuicem
637 2271 794 2357 Virginem
835 2271 900 2336 lla-
991 2278 1023 2352 E.
1047 2269 1132 2338 Nihil
1155 2270 1365 2360 inquinatum

306 2365 385 2429 riam
398 2366 609 2442 veneratione,
621 2363 896 2454 pietateetah'ectu
1164 2366 1245 2432 Lect.
1274 2385 1315 2432 ιι

133 2464 134 2481 ’
255 2501 261 2510 -
308 2477 346 2522 ea
369 2459 475 2524 omnia
499 2479 659 2547 peragere,
684 2479 768 2546 quaa
791 2455 897 2522 adhuc
944 2407 1082 2546 Quare
1105 2468 1277 2547 postquam
1298 2459 1471 2550 'nunquam
1489 2455 1536 2522 in·

309 2552 341 2614 in
366 2549 526 2617 Ecclesiae
550 2552 631 2617 votis
661 2559 898 2641 cssepoteraut,
945 2550 1137 2617 termisimus
1161 2551 1192 2615 in
1228 2551 1404 2618 humilitate
1438 2559 1471 2618 et
1487 2550 1537 2638 je-

310 2654 349 2708 ut
386 2642 585 2710 beatissimae
622 2645 758 2733 Virginis
798 2643 901 2710 honor
931 2643 1035 2732 ,junio
1059 2645 1196 2733 privatas
1227 2645 1358 2710 Nostrae
1383 2654 1415 2710 et
1430 2640 1537 2733 publi-

311 2747 492 2823 augeretur,
514 2738 650 2827 ejusque
664 2738 902 2828 praerogativae
948 2757 1003 2803 cas
1027 2735 1186 2803 Ecclesiae
1217 2757 1329 2828 preces
1363 2737 1429 2803 llcu
1454 2734 1536 2802 Patri

260 2827 264 2832 ’
312 2828 452 2897 uberiori
475 2830 550 2897 luce
573 2834 717 2898 niterent.
947 2851 1005 2919 per
1028 2828 1144 2896 Filium
1167 2829 1245 2920 Ejus
1258 2829 1383 2909 offerre,
1404 2837 1441 2895 ut
1463 2829 1537 2917 Spi-

356 2932 388 3004 d.
412 2925 479 3012 Ego
502 2943 543 2991 cx
565 2945 622 2992 ore
646 2923 807 2991 altissimi.
945 2925 1024 2990 ritus
1047 2922 1154 2990 Sancti
1177 2925 1295 2992 virtute
1317 2932 1453 2990 manem
1470 2921 1536 2988 No·

535 3019 617 3085 Ecca
647 3037 677 3082 r.
948 3027 1044 3083 stram
1068 3015 1206 3106 dirigere
1229 3028 1261 3086 ot
1275 3014 1464 3084 confirmare
1487 3011 1538 3083 di-

302 3059 902 3201 -ltaqnepturinuminnominncon-
949 3120 1125 3198 gnaretur,
1164 3111 1331 3201 implorato
1370 3110 1548 3178 nnivuaac

310 3199 359 3269 fisi
384 3202 555 3272 advenisse
582 3216 760 3295 temporum
785 3224 903 3296 oppor-
951 3202 1098 3272 entem
1137 3205 1253 3275 Curiae
1290 3201 1476 3295 praesidio,
1508 3212 1541 3269 et

311 3297 477 3364 tonitatem
490 3318 561 3388 pro
585 3297 791 3366 immaculata
829 3319 904 3364 san-
950 3296 1107 3364 advocato
1129 3319 1206 3366 cnm
1239 3296 1408 3388 gemitibus
1445 3297 1541 3365 Para-

310 3391 469 3458 ctissimae
503 3392 559 3459 Dei
594 3391 760 3459 Genitricis
804 3391 906 3477 Virgi-
952 3389 1028 3457 clito
1053 3391 1199 3482 sputu,
1222 3413 1329 3482 euque
1365 3392 1412 3458 aio
1436 3389 1543 3480 adspi-

309 3481 358 3548 nis
398 3483 512 3550 hieriae
559 3485 773 3576 Conceptione
821 3482 902 3552 deli·
949 3494 1047 3561 rante;
1077 3482 1118 3550 ad
1157 3485 1312 3553 honorem
1354 3484 1487 3552 Eanum
1510 3493 1542 3550 et

309 3574 452 3667 pianda,
486 3599 583 3667 quam
620 3577 726 3645 divium
761 3577 904 3666 eloquia,
952 3575 1136 3646 individuae
1159 3580 1339 3659 Trinitatis,
1374 3577 1415 3644 ad
1442 3576 1542 3644 decus

310 3669 493 3737 veneranda
531 3671 684 3752 traditio,
726 3683 902 3762 perpetuus
951 3681 982 3735 et
1005 3669 1244 3752 ornamenlum,
1267 3673 1404 3759 Virginis
1427 3669 1542 3760 Deipa·

310 3761 472 3830 Ecclesiae
494 3785 629 3844 sensus,
654 3765 824 3852 singularis
847 3766 901 3830 ca·
949 3783 1029 3842 rae,
1055 3765 1093 3831 ad
1119 3765 1337 3834 exaltationem
1363 3762 1448 3830 Fidei
1488 3783 1542 3829 ca-

300 3853 506 3931 tholicorum
537 3857 721 3924 antistitum
751 3878 789 3924 ac
825 3853 904 3924 fine
950 3855 1130 3925 tholioaeet
1149 3857 1342 3925 Christianae
1371 3857 1541 3945 Religionis

311 3947 601 4039 liumconepiratio,
617 3950 900 4037 etinsigniaPrae-
946 3961 1151 4036 augmentum
1171 4004 1180 4034 ,
1204 3953 1390 4020 auctoritate
1415 3949 1538 4016 llumini

312 4038 519 4108 decessoru-
531 4044 719 4117 Nostrorum
732 4056 812 4122 acta,
824 4044 907 4109 Con·
954 4041 1059 4112 Nostri
1098 4047 1174 4112 lesu
1199 4044 1337 4126 Christi,
1375 4043 1541 4111 beatorum

312 4136 492 4203 stitutioues
517 4135 647 4204 mirifice
672 4138 827 4204 illustrant
859 4149 907 4204 at-
953 4136 1177 4226 Apostolorom
1204 4139 1283 4206 Petri
1308 4149 1341 4206 ct
1363 4137 1478 4218 Pauli,
1502 4156 1541 4203 ao

311 4250 377 4318 que
417 4229 589 4319 decianus
629 4228 726 4302 rebus
751 4229 903 4300 omuibus
950 4229 1274 4301 Nostrodeclaramus
1291 4233 1544 4324 pronunciamus
