3584 5034
343 641 385 706 Η
428 679 436 696 ·
484 671 491 678 ·
782 632 910 704 Festa
934 631 1125 708 lllllllllllll

337 747 421 814 sicut
444 745 587 842 regnavit
609 751 775 838 peccatum
792 745 823 811 in
846 764 933 814 mor
1024 748 1057 826 d.
1080 745 1149 835 ligo
1182 755 1317 840 'propter
1347 757 1379 818 te
1411 747 1567 840 flagellari

338 849 413 920 tem,
437 839 534 908 itaet
556 839 655 930 gratia
677 839 926 928 regnetperju-
974 838 1148 930 AEgyptnm
1213 850 1289 909 cum
1350 842 1567 932 primogenitis

333 933 452 1000 stitiam
483 933 515 999 in
539 933 635 1000 vitam
662 941 838 1012 aeternam,
866 951 925 1022 per
971 931 1050 1012 suis3
1073 929 1096 974 *
1119 931 1160 997 Et
1174 941 1209 1000 tu
1226 955 1278 1002 me
1293 930 1485 1023 flagellatum
1500 946 1566 1004 tra-

336 1025 447 1094 Jesum
478 1023 637 1092 Christum
663 1024 836 1093 Dominum
866 1043 927 1090 no·
971 1022 1089 1106 didisti,
1112 1020 1135 1067 *
1166 1025 1240 1107 Qui,
1270 1036 1435 1118 tamquam
1462 1049 1566 1118 agnus

335 1127 489 1186 strum..
580 1145 582 1150 ¹
714 1147 717 1153 ·
889 1127 893 1132 “
973 1136 1082 1184 coram
1105 1116 1258 1186 tondente
1280 1140 1326 1199 se.
1352 1119 1509 1204 obmutui,¹
1528 1131 1567 1190 >et
1671 1197 1673 1208 Α

379 1213 412 1294 tl,
437 1209 506 1299 ligo
528 1208 625 1278 eduxi
649 1219 678 1276 te
702 1207 742 1277 dc
774 1207 922 1300 AEgypto,
970 1229 1035 1276 non
1059 1211 1169 1298 aperui
1194 1231 1231 1279 os
1255 1233 1374 1278 meum.
1671 1259 1673 1298 ς

333 1301 482 1371 demerso
506 1303 668 1370 Pharaone
697 1302 727 1367 in
754 1321 840 1368 mare
870 1321 926 1366 ru·
1018 1301 1048 1371 vl.
1073 1302 1196 1392 Populo
1220 1326 1323 1385 meus,
1347 1304 1426 1394 quid
1443 1307 1501 1374 leci
1524 1307 1566 1373 ti·
1669 1307 1673 1368 ἶ

332 1393 439 1476 brom,
464 1405 496 1464 et
520 1405 593 1462 ante
617 1406 647 1461 te
670 1393 790 1484 praeivi
816 1394 927 1459 inco-
973 1393 1019 1475 bi3
1043 1405 1099 1462 aut
1123 1396 1155 1461 in
1194 1418 1261 1485 quo
1291 1400 1475 1466 contristavi
1504 1398 1587 1467 tel‘
1671 1447 1673 1456 .

332 1486 445 1558 lumua
467 1487 571 1555 nubis:
587 1485 609 1528 *
634 1487 673 1552 llt
697 1495 730 1553 tu
756 1509 807 1554 me
829 1483 927 1552 tradi·
975 1487 1134 1578 responde
1158 1489 1243 1555 mihi.
1267 1491 1307 1557 Et
1330 1500 1374 1558 tu.
1671 1479 1673 1504 ³

331 1577 403 1649 disti
428 1578 624 1672 principibus
647 1577 867 1657 sacerdotum,
893 1571 943 1645 et'
1018 1580 1125 1648 Gloria
1150 1581 1242 1646 Patri.
1265 1582 1327 1660 Qui
1351 1593 1525 1672 tamquam.

332 1695 384 1741 me
407 1672 524 1740 duxisti
548 1670 589 1738 ad
615 1673 807 1763 praetorium
826 1670 925 1738 Pilati.
1036 1680 1039 1686 '
1143 1672 1186 1738 ΙΝ
1210 1673 1395 1739 lineet.
1671 1725 1673 1754 1

375 1763 411 1832 tl.
432 1765 554 1855 Populo
579 1787 681 1846 meus,
706 1763 785 1856 quid
802 1764 863 1834 leci
886 1763 926 1830 ti·
1018 1760 1143 1851 Antvplr.
1172 1763 1294 1832 Inimici
1323 1765 1386 1832 mei
1413 1763 1567 1836 dixerunt
1672 1831 1673 1842 ,

330 1855 374 1939 bi,
402 1867 459 1926 aut
482 1859 514 1924 in
545 1878 612 1947 quo
642 1857 825 1928 contristavi
852 1856 925 1925 te?
972 1857 1055 1925 mala
1080 1855 1166 1937 mihi,
1192 1855 1322 1945 quando
1346 1857 1508 1941 morietur,
1525 1871 1563 1930 at
1644 1922 1652 1934 ,

331 1949 490 2046 responde
513 1951 598 2019 mihi.
623 1953 662 2017 Et
686 1962 732 2019 tu.¹
751 1979 774 2000 ν
837 2023 838 2028 1
947 1947 1087 2041 xperibit
1109 1969 1226 2017 nornen
1250 1950 1354 2039 ejus?

451 2065 454 2072 ·
572 2045 657 2110 Laut.
672 2061 726 2108 au.
974 2117 987 2140 ·
1152 2041 1300 2111 Psalmos
1331 2043 1386 2108 to.

328 2089 442 2226 Quid
468 2154 554 2223 ergo⁸
569 2131 730 2203 dicemus?
755 2133 925 2200 Permane
1019 2135 1134 2202 Beatus
1145 2137 1201 2225 qui
1218 2134 1362 2224 intelligit
1375 2156 1474 2229 super
1488 2159 1562 2229 ege-

328 2225 435 2294 bimus
453 2228 644 2334 inpeoo'o,
662 2224 926 2316 utgratiaabun-
971 2247 1061 2309 num,
1085 2237 1117 2294 et
1140 2227 1362 2320 pauperem*
1671 2277 1673 2302 2

328 2318 384 2388 det
400 2318 417 2386 l
441 2319 540 2386 Absit:
558 2340 615 2408 qm
631 2319 715 2387 enim
732 2319 848 2385 mortui
865 2339 921 2386 su·
1015 2320 1139 2408 Antiplr.
1156 2320 1255 2388 Alieni
1280 2321 1520 2389 insurrexerunt
1528 2323 1560 2388 in
1671 2323 1673 2338 ⁴

329 2433 403 2479 mus
435 2419 588 2502 peccato,
619 2409 786 2501 quomodo
815 2409 923 2478 adhuc
968 2434 1043 2493 me,
1065 2422 1098 2479 ct
1128 2412 1226 2480 lortes
1257 2414 1464 2503 quaesierunt
1493 2415 1562 2480 ani·
1671 2405 1673 2416 ⁴

329 2505 473 2574 vivemus
505 2503 548 2582 iu⁴
571 2503 659 2571 illo‘l
692 2507 742 2570 An
773 2503 924 2592 ignoratis
970 2526 1055 2572 mam
1078 2525 1192 2572 meam.

330 2598 407 2687 quia
431 2597 630 2688 quicumque
645 2595 791 2689 baptizati
809 2616 923 2665 sumus
1030 2668 1034 2674 ,
1150 2596 1298 2665 Peolmos
1329 2598 1383 2664 53.
1502 2664 1524 2707 ο

329 2690 362 2758 in
386 2691 510 2759 Christo
534 2689 623 2770 lesu,
648 2690 680 2758 in
705 2698 806 2758 morte
823 2689 925 2780 ipsius
1020 2689 1108 2756 lleus
1131 2687 1164 2756 in
1184 2713 1186 2719 ·
1203 2690 1333 2758 nomine
1356 2699 1414 2760 tuo
1436 2692 1562 2764 salvum
1670 2689 1673 2708 ¹

327 2780 478 2874 baptizati
493 2782 631 2851 sumus?
643 2781 827 2872 Consepulti
840 2781 925 2849 enim
971 2803 1023 2850 me
1047 2780 1107 2847 lac:

327 2896 441 2943 sumus
464 2894 539 2941 cum
565 2875 620 2942 illo
642 2895 702 2965 per
730 2872 925 2963 baptismum
971 2870 1097 2963 Antiplv.
1123 2874 1410 2946 Conculcavernnt¹
1428 2897 1481 2945 me
1504 2877 1561 2944 ini·-

326 2969 358 3034 in
393 2974 538 3035 mortem:
563 2976 601 3035 ut
629 2965 797 3056 quomodo
832 2965 921 3034 Chri·
969 2967 1042 3034 mici
1068 2968 1130 3036 mei
1147 2977 1212 3034 tota
1228 2967 1289 3048 die,
1311 2968 1483 3038 adversum
1507 2991 1559 3038 mo
1672 3021 1673 3050 p

324 3069 395 3128 stus
417 3059 556 3128 surrexit
578 3078 598 3126 a
621 3057 755 3126 mortuis
771 3078 829 3148 per
852 3057 922 3146 glo·
969 3078 1081 3127 omnes
1097 3058 1303 3147 cogitationes
1314 3079 1425 3128 eorum
1443 3061 1475 3126 in
1491 3081 1561 3128 ma·
1671 3061 1673 3078 ¹

325 3153 405 3221 riam
429 3151 546 3232 Patris3
572 3152 669 3220 itaet
691 3169 751 3218 nos
774 3151 806 3218 in
829 3149 921 3217 novi·
969 3149 1065 3218 lum'
1167 3163 1170 3170 ·
1414 3162 1418 3170 ·
1496 3161 1500 3170 ·

324 3256 388 3314 tate
418 3245 504 3314 vitae
530 3242 748 3314 ambulemus:
778 3242 806 3311 si
836 3241 921 3311 e'nim
1149 3242 1295 3311 Psolmvs
1327 3245 1380 3310 55.

324 3337 533 3430 complantati
556 3338 630 3406 lacti
645 3359 760 3406 sumus
775 3334 921 3405 similitu·
1015 3335 1164 3406 lliserere
1187 3335 1250 3404 mei
1272 3337 1381 3417 Dens,
1404 3337 1560 3432 quoniam
1671 3335 1673 3406 ἶ

325 3428 390 3498 dini
415 3429 524 3499 mortis
548 3431 629 3520 ejus3
653 3431 749 3498 simul
764 3441 797 3498 et
812 3450 920 3498 resur·
940 3460 947 3474 ·
966 3429 1167 3498 conculcavit
1190 3450 1242 3496 me
1264 3427 1371 3496 homo:
1433 3438 1436 3445 “

324 3522 472 3594 rectionis
502 3523 629 3592 erimus.
658 3524 730 3591 lloc
762 3523 915 3602 seientes,
1010 3523 1039 3588 t.
1064 3520 1197 3612 Proprie
1221 3519 1303 3591 Filio
1326 3539 1387 3591 suo
1411 3540 1477 3590 non
1501 3544 1558 3617 pe·
1672 3577 1673 3620 ÷

323 3617 399 3709 quia
428 3625 522 3687 vetus
552 3615 649 3684 homo
680 3623 789 3684 noster
820 3613 916 3682 simul
962 3614 1064 3707 percit
1088 3614 1186 3682 Deus.
1236 3648 1239 3653 >

322 3707 497 3784 crucifixus
519 3717 577 3790 est,
594 3718 631 3776 ut
647 3707 830 3780 destruatur
846 3726 919 3776 eor·
1012 3708 1044 3783 d.
1060 3705 1124 3775 Sed
1139 3719 1200 3798 pro
1215 3703 1309 3777 nobis
1324 3706 1474 3778 omnibus
1496 3717 1560 3778 tra·

322 3825 384 3894 pus
407 3803 540 3898 meari,
564 3811 597 3870 et
612 3801 704 3869 ¹ultra
719 3821 784 3870 non
800 3800 920 3870 servia-
967 3797 1047 3867 didit
1069 3797 1170 3868 illum.
1256 3832 1272 3854 ε
1353 3831 1359 3842 ·

322 3917 396 3965 mus
418 3906 561 3988 peccato.
585 3894 647 3976 Qui
664 3895 749 3963 enim
765 3903 913 3962 mortuus
1007 3893 1120 3962 Sermo
1150 3894 1251 3961 sancti
1284 3893 1452 3984 Augustini
1481 3893 1558 3984 lipi-
1671 3941 1673 3958 t

323 3998 381 4070 est,
403 3989 596 4076 justificatus
619 3991 672 4056 est
691 3996 866 4078 apecoato.
882 3986 917 4054 Si
964 3986 1064 4078 scopi.
1520 4005 1524 4010 ·

322 4090 430 4148 autem
453 4082 713 4151 mortui-sumus·
732 4100 805 4147 cum
822 4077 912 4146 Chri·
1114 4077 1124 4096 ‘

321 4183 383 4255 sto,
407 4174 579 4256 credimus,
603 4174 681 4263 quia
703 4173 797 4242 simul
823 4171 918 4243 etiarn
967 4174 1071 4243 Serm.
1098 4173 1152 4239 ll.
1177 4172 1354 4242 Bottiaia
1371 4167 1495 4240 Polmr's
1518 4172 1557 4241 de

322 4266 467 4338 vivemus
490 4287 565 4338 oum
589 4268 769 4338 Christo·
1021 4323 1025 4328 .
1128 4264 1281 4340 Passieno
1302 4266 1391 4333 Dom-
