3584 5034
677 621 812 698 -FESTA
835 625 1063 696 bacuntius
1416 625 1482 700 {87

263 737 420 825 Virginem
445 737 529 806 illam
552 737 676 808 beatam
700 759 739 807 ac
761 761 846 830 gau·
893 739 1016 828 agitatis
1039 733 1259 818 transvolastip
1272 745 1309 804 tu
1343 733 1484 828 denique

262 827 309 896 dii
331 841 493 919 parentem
534 832 707 900 habitum?
730 833 852 915 Gaude,
899 852 1025 900 omnem
1049 838 1243 898 'creaturam
1282 827 1376 917 longe
1398 839 1485 898 tran-

260 925 551 1012 osupercoelestis
573 927 679 1016 gaudii
698 927 848 994 Genitrix.
894 931 1023 1014 egresso
1043 943 1087 1004 es;
1129 924 1250 1017 quippe
1288 943 1373 1012 qnae
1408 943 1485 1014 prae

261 1015 396 1096 Gaude,
431 1037 452 1084 o
486 1019 704 1088 sublimissimi
742 1019 847 1108 gaudii
896 1020 982 1084 omni
1007 1027 1152 1085 creatura
1174 1015 1311 1084 enituisti
1339 1018 1485 1105 puritate;
1569 1019 1572 1030 '

261 1109 377 1175 nutrix.
409 1109 564 1180 Gaudeo
594 1113 742 1180 salutaris
772 1134 850 1201 gau·
899 1122 929 1179 et
952 1111 1096 1178 omniurn'
1119 1119 1335 1176 creaturarum
1376 1109 1486 1182 condi-

262 1201 307 1266 dii
340 1202 433 1270 sedes
467 1206 623 1296 princeps.
659 1205 791 1286 Gaude,
827 1225 848 1272 o
895 1216 996 1272 torem
1022 1205 1052 1270 in
1078 1214 1108 1271 te
1132 1203 1291 1293 excepisti
1316 1202 1488 1292 ipsumque

261 1295 448 1386 immortalis,
474 1298 580 1386 gaudii
606 1300 738 1368 auctrix.
766 1300 869 1366 Gau·'
898 1309 930 1366 ot
953 1297 1024 1364 sinu
1048 1307 1105 1363 tuo
1128 1296 1267 1385 gestasti,
1286 1305 1319 1362 et
1341 1295 1488 1384 genuisti:

261 1386 315 1468 de,
334 1409 354 1454 o
370 1389 538 1458 ineffabilis
561 1392 667 1481 gaudii
693 1392 851 1459 misticum
899 1401 931 1458 et
968 1389 1036 1458 sola
1064 1411 1104 1457 ex
1145 1388 1294 1456 omnibus
1333 1390 1487 1456 creaturis

260 1479 482 1551 diversorium.
507 1486 650 1553 Gaudeo
668 1483 852 1554 indeficien·
899 1485 956 1550 Ilei
981 1492 1081 1550 mater
1104 1482 1216 1551 effecta
1237 1503 1282 1550 es·

260 1573 301 1640 tis
323 1575 432 1664 gaudii
457 1579 529 1645 fons
551 1579 742 1647 beatissime.
766 1579 852 1646 Gau·
946 1577 1125 1643 Te'Deum.

260 1665 368 1758 de·‚o
391 1670 500 1758 gaudii
537 1676 658 1740 aeterni
696 1670 853 1738 deiferum
925 1671 963 1736 In
986 1669 1147 1738 Laudibus
1163 1669 1198 1757 fit
1213 1691 1322 1737 eornm.
1339 1665 1462 1738 Ferine.

260 1762 432 1829 cimelium.
456 1764 624 1846 Gaudeo
664 1765 851 1832 vivificantis
979 1817 983 1830 .
1172 1800 1215 1812 -

259 1853 365 1940 gandii
390 1847 487 1923 arbor
511 1851 727 1926 virentissima.
762 1859 849 1924 Gau·
984 1881 987 1898 ·
1116 1853 1185 1919 mo
1214 1855 1266 1922 ιθ.

259 1945 311 2026 de,
335 1968 356 2015 o
381 1949 510 2040 innupta
534 1952 590 2019 Dei
615 1964 722 2018 meter.
758 1951 845 2017 Gau·
910 1949 1080 2016 Tnansnnr.
1097 1950 1210 2014 Annae
1225 1967 1330 2016 nouus
1345 1965 1477 2016 muner.

259 2038 328 2119 de,
353 2061 373 2107 o
398 2042 494 2128 Virgo
532 2055 604 2132 post
638 2056 763 2134 partum
801 2045 848 2108 in·
932 2097 936 2106 .
1024 2099 1027 2102 .
1057 2096 1068 2118 ,
1097 2040 1287 2140 nuptrmnj„

259 2135 435 2218 tegerrima.
448 2136 569 2216 Gaude,
593 2137 848 2227 ospectaculum
921 2136 1015 2204 Omn.
1039 2144 1075 2206 ιιι
1098 2133 1131 2200 in
1154 2129 1290 2226 append.
1314 2133 1464 2202 Breviarii

260 2245 339 2313 prae
354 2226 551 2296 mirabilibus
563 2230 713 2337 ompibus
728 2250 853 2296 summe
1169 2263 1213 2277 ·-

262 2315 495 2387 admirandum.
901 2325 967 2391 Pro
981 2321 1032 2390 die
1045 2323 1065 2388 3
1078 2319 1153 2411 infr.
1170 2333 1225 2390 oct.
1236 2331 1265 2388 et
1275 2331 1366 2409 temp.
1381 2341 1487 2390 uerno.
1509 2285 1514 2296 '

309 2417 341 2491 tl.
365 2405 543 2502 Magnificat
566 2417 673 2482 anima
695 2435 776 2483 mea.
1019 2415 1062 2480 ΙΝ
1087 2413 1112 2479 Ι.
1151 2414 1373 2483 NOCTURNO

483 2510 564 2576 Lect.
588 2530 631 2575 rx.
945 2505 1106 2576 Lectiones
1130 2505 1167 2573 de
1193 2505 1312 2594 Script.
1342 2527 1442 2575 occur.

264 2549 445 2687 Quisnam
470 2611 561 2668 tuum
586 2603 695 2692 eloqui
706 2599 855 2692 sponoe
1020 2599 1062 2666 ru
1086 2599 1126 2664 n.
1151 2598 1373 2668 uocrunno
1482 2661 1485 2666 .

264 2711 332 2758 rem
356 2694 499 2781 poterit?
533 2697 686 2775 Quisnam
726 2705 855 2785 porten-
902 2737 904 2740 -
1005 2692 1052 2760 Ex
1076 2689 1166 2758 Rulla
1189 2691 1374 2780 Dogmatica

264 2794 343 2864 tum,
371 2785 541 2877 quodipsa
556 2809 601 2868 es,
619 2808 768 2856 enarrare
784 2811 856 2857 ver·
1064 2786 1109 2853 Pii
1126 2770 1230 2875 Papae
1246 2785 1331 2853 Noni

265 2874 315 2944 bis
339 2878 482 2946 audeat?
517 2876 669 2961 Quisnam
711 2880 854 2970 magnifi-
1120 2879 1259 2946 Lect.1r.

264 2972 398 3038 centiam
438 2983 524 3039 tuam
563 2972 650 3041 effari
690 2994 725 3041 se
757 2993 853 3064 posse
904 2925 1083 3063 Ipsissima
1105 2969 1213 3052 verba,
1230 2970 1349 3062 quibus
1367 2969 1492 3042 divinae

127 3062 128 3081 ¹
194 3081 199 3090 ·
265 3063 434 3131 confidet?
457 3067 503 3131 Tu
527 3065 691 3136 bominum
719 3087 853 3136 exorna·
901 3067 1083 3155 Scripturas
1105 3064 1147 3132 de
1169 3065 1309 3133 increata
1333 3064 1491 3156 Sapientia

265 3157 305 3222 sti
330 3169 485 3239 naturam3
510 3169 545 3226 tu
566 3161 763 3248 'Angelorum
803 3180 856 3228 or·
904 3159 1091 3250 loquuntur,
1119 3159 1254 3248 ejusque
1283 3159 1490 3247 sempiternas

265 3247 356 3318 dines
379 3255 545 3343 superate
569 3264 604 3320 tu
627 3253 768 3342 fulgores
793 3258 852 3319 Ar·
900 3252 1037 3341 origines
1061 3258 1307 3342 repraesentant,
1323 3253 1491 3319 consuerit

204 3359 207 3362 ’
266 3341 492 3433 cbangelorum
509 3345 732 3426 obtenebrasti;
748 3355 783 3412 tu
798 3367 855 3416 su·
902 3342 1093 3435 (Ecclesia)
1113 3354 1187 3411 tum
1213 3343 1245 3409 in
1268 3341 1492 3411 ecclesiasticis

192 3494 195 3503 .
264 3432 378 3504 blimes
419 3439 617 3526 Thrpnorum
656 3437 749 3507 sedes
772 3437 855 3505 inira
903 3435 1026 3520 officiis,
1053 3447 1122 3502 tum
1146 3435 1178 3503 in
1201 3445 1403 3503 sacrosancta
1441 3437 1492 3503 Li-

267 3537 299 3594 te
322 3529 494 3613 ostendisti
518 3545 552 3600 tn
568 3531 764 3600 altitudinem
788 3531 854 3598 Do·
899 3530 1002 3619 turgia
1026 3526 1177 3598 adbibere
1200 3538 1232 3596 et
1254 3527 1295 3596 ad
1319 3528 1408 3597 iliius
1421 3531 1490 3597 llir-

265 3622 474 3691 minatiouum
498 3624 690 3716 depressisti3
715 3634 750 3691 tu
766 3625 855 3691 Prin·
902 3623 983 3712 ginis
1005 3620 1179 3715 primordia
1202 3622 1382 3702 transferre,
1406 3641 1491 3711 quae

265 3713 429 3804 cipatuum
451 3716 620 3787 ducatibus
657 3711 851 3808 praecucur-
899 3735 966 3784 uno
989 3715 1169 3805 eodemque
1192 3714 1320 3783 decreto
1344 3733 1419 3781 cum
1442 3713 1492 3780 di·

264 3805 342 3888 risti3
367 3817 401 3874 tu
439 3814 596 3879 eneruasti
635 3807 849 3878 fortitudinem
897 3811 989 3894 vinae
1000 3809 1179 3900 Sapientiae
1190 3807 1406 3876 incarnatione
1421 3805 1492 3874 iue-

264 3899 468 3982 Potestatum3
507 3915 544 3970 tu
578 3897 654 3993 ipsis
678 3901 854 3970 Virtutibus
902 3913 974 3970 rant
996 3905 1189 3991 praestituta.
1214 3901 1368 3980 Quamvis
1385 3910 1491 3967 autem

262 3995 421 4083 potentior
437 3998 537 4062 virtus
553 3995 705 4088 prodiisti3
723 4007 757 4063 tn
774 3996 855 4065 Che·
904 3993 1115 4062 haecomnia
1141 4015 1239 4084 penes
1278 3991 1390 4060 fideles
1419 3992 1491 4062 ubi·
1605 3987 1610 3998 '

127 4046 128 4085 ἢ
238 4085 368 4153 ‘rubim
392 4087 641 4158 oculatissimum
657 4092 763 4156 visum
789 4099 852 4156 ter·
899 4108 964 4179 que
1002 4107 1103 4177 prope
1141 4096 1268 4176 recepta
1312 4083 1490 4168 ostendant,

262 4179 542 4249 restribusoculis
582 4183 698 4262 vicisti;
722 4193 757 4249 tu
792 4182 849 4250 Se·
899 4201 965 4270 quo
990 4179 1096 4248 studio
1121 4177 1278 4267 ejusmodi
1303 4177 1344 4246 de
1373 4179 1490 4246 Imma·

142 4274 146 4278 “
263 4273 385 4363 raphim
409 4296 466 4352 sen
488 4275 554 4344 alas
583 4275 765 4345 habentium
791 4296 848 4342 vo·
897 4275 1004 4342 colata
1029 4274 1165 4364 Virginis
1189 4273 1405 4363 conceptione
1430 4271 1488 4339 do-

262 4363 344 4436 latus
382 4370 519 4442 animae.
545 4371 659 4464 pennis
699 4368 850 4441 divinitus
898 4368 1030 4439 utrinam
1072 4367 1142 4461 ipsa
1182 4386 1313 4460 quoque
1348 4366 1489 4441 Romana.
