3584 5034
487 715 491 722 ,
572 677 575 682 ·
669 645 795 714 rasas
821 641 1055 724 sornatius
1415 644 1479 708 lrt

242 753 335 832 saluti
351 753 550 836 consulebat,
566 774 646 824 suos
668 754 837 826 oblivisce-
884 756 1084 838 sanctitatem
1107 756 1192 823 servi
1220 754 1270 821 sui
1293 752 1481 822 confirmas·

243 846 347 916 batur.
386 847 467 915 Nam
506 842 663 918 beneficio
703 851 837 920 Cosmae
882 858 943 930 set,
966 857 1039 917 eum
1059 858 1187 939 tempus
1210 847 1484 938 appropinquaret

244 941 327 1009 tertii
351 939 384 1007 in
394 940 566 1011 solitudine
597 944 744 1012 Etruriae
754 965 844 1012 com·
890 941 1120 1021 retributionis,
1146 950 1181 1008 ut
1197 937 1370 1008 Benedieto
1393 939 1483 1009 deci-

243 1043 355 1126 parata
369 1055 416 1108 ,ea
438 1031 557 1117 domo,
581 1038 614 1104 in
647 1050 746 1128 quam
770 1038 838 1129 ipsa
883 1056 939 1103 mo
963 1046 1078 1127 quarto
1102 1033 1198 1100 fidem
1222 1041 1405 1125 praestaret,
1428 1036 1482 1101 oui

245 1149 318 1195 sose
341 1148 361 1202 a
385 1129 620 1221 praedicatione
632 1133 773 1220 recipere
796 1130 837 1197 ad
881 1129 1036 1219 nuspiam
1061 1128 1120 1196 nisi
1147 1131 1264 1196 Romae
1291 1131 1334 1206 se¹
1349 1127 1483 1194 moritu-

246 1222 278 1288 S.
303 1219 417 1310 Ignatii
440 1225 588 1291 exercitia
611 1223 756 1303 solebat,
780 1246 838 1291 au·
885 1245 959 1289 rum
983 1222 1182 1312 promiserat,
1207 1242 1246 1288 ex
1274 1217 1483 1312 praedicatio·
1556 1273 1559 1280 .

250 1324 330 1398 ctor‘
344 1314 403 1381 luit
429 1317 477 1396 iis,
495 1317 552 1406 qui
567 1317 685 1384 arctius
701 1318 768 1406 Dec
783 1315 841 1382 ad·
885 1337 929 1382 ne
953 1316 1154 1396 Bononiensi,
1177 1314 1218 1381 ad
1241 1335 1339 1404 quam
1364 1312 1405 1381 ab
1430 1333 1485 1382 eo·
1511 1317 1516 1326 '

250 1406 382 1482 haerere
398 1403 848 1502 vellenssu'teo‘secederent,
890 1407 964 1478 dem
999 1405 1102 1482 luerat
1137 1409 1254 1476 missus
1282 1407 1325 1500 in
1361 1405 1482 1476 Urbem

249 1498 470 1590 ibiquejnxta
491 1501 579 1591 leges
601 1502 643 1570 ab
667 1504 737 1594 ipsc
764 1524 843 1570 eon·
881 1497 1048 1592 reversus,
1064 1501 1228 1572 laboribus
1244 1501 1373 1582 lractus,
1398 1520 1485 1568 mor·

250 1591 343 1674 ditas,
366 1605 399 1663 et
420 1596 634 1678 aClemente
673 1589 845 1671 undecimo
892 1595 936 1663 bo
960 1597 1072 1664 tentam
1097 1596 1212 1686 eoepit,
1237 1615 1304 1686 quo
1327 1593 1410 1674 eum'
1429 1592 1486 1660 de-

247 1686 410 1778 probatas,
433 1690 584 1780 secretia
599 1690 723 1785 populo
739 1709 839 1782 jaspe
886 1688 999 1758 liceret
1017 1741 1038 1780 ,Ι
1062 1688 1228 1764 'Ecclesiae
1268 1688 1367 1756 saeris
1416 1688 1486 1755 suis

247 1781 324 1860 riori
349 1783 432 1849 ritae
454 1789 572 1872 genere
595 1794 770 1853 uterentur.
894 1781 1044 1864 dedisset,
1069 1802 1153 1852 anno
1168 1781 1374 1851 aetatissuae
1389 1781 1486 1870 quin·

296 1879 330 1953 d.
355 1877 490 1944 Amavit
562 1939 566 1945 ,
761 1891 770 1904 ‘
893 1885 948 1956 tc,
973 1887 1005 1944 et
1027 1877 1263 1966 septuagesimo
1288 1875 1486 1943 sanctissime

310 1991 331 2029 .·
455 1971 554 2052 ,lect
576 1990 618 2037 rr.
651 1967 679 2038 “.
890 1967 1085 2038 obdormivit
1106 1969 1139 2040 in
1162 1967 1298 2037 Domino
1322 1966 1374 2036 die
1398 1967 1485 2058 vige·

246 2011 359 2128 Idem
381 2060 474 2152 plura
496 2062 643 2130 sodalitia
664 2063 762 2134 Urbis
785 2079 840 2132 ex·
886 2066 970 2133 uma
991 2073 1081 2132 sexta
1104 2059 1287 2152 novembris
1310 2063 1343 2136 iu
1360 2059 1484 2129 Coeno

246 2152 472 2244 coluit-atque.
482 2154 561 2222 illud
577 2150 748 2247 praecipue
760 2158 841 2226 San-
864 2156 943 2226 ⁴-bi0
967 2155 1001 2224 S.
1023 2157 1290 2236 bonaventurae,
1313 2150 1372 2236 ubi
1397 2175 1483 2222 nunc
1562 2153 1564 2156 ’

244 2247 377 2317 ctissimi
413 2247 529 2340 cordis
559 2251 650 2330 lesu,
678 2249 768 2339 quod
791 2253 840 2318 est
887 2251 958 2339 ejus
981 2269 1101 2341 corpus
1124 2247 1253 2318 colitur:
1286 2248 1382 2338 eique
1406 2247 1482 2315 Pius

246 2341 280 2406 in
301 2341 403 2410 sancti
428 2340 584 2410 Theodori
600 2344 728 2434 templo:
745 2346 779 2410 in
804 2344 841 2429 iis
881 2337 1016 2426 'Sextus
1039 2341 1095 2434 qui
1113 2343 1270 2410 viventem
1286 2359 1402 2431 magno
1426 2339 1485 2408 ho-

245 2433 348 2501 multa
371 2435 513 2516 instituit,
538 2435 659 2526 quibus
683 2437 715 2503 in
752 2437 842 2505 Chri·
887 2457 966 2505 nore
1002 2435 1183 2514 habuerat,
1207 2429 1368 2504 absoluto*
1395 2435 1485 2526 prius

247 2536 346 2607 stum,
368 2539 467 2618 atque
488 2529 521 2596 in
545 2532 712 2621 Deiparam
739 2529 843 2598 bonos
890 2532 960 2600 rite*
975 2528 1017 2596 de
1040 2526 1236 2610 virtutibus,
1267 2540 1299 2596 et
1320 2526 1485 2597 miraculis

244 2618 379 2689 mirifice
401 2632 451 2690 est
473 2632 599 2693 auctus
624 2625 747 2693 llorum
771 2623 844 2693 dul·
890 2625 976 2693 servi
999 2619 1210 2710 Deijudicio,
1234 2641 1319 2688 anno
1347 2619 1388 2688 ab
1412 2622 1483 2709 ejus

247 2714 376 2787 cissima
398 2711 592 2798 Nomina'in
615 2717 678 2786 ore¹
702 2717 840 2786 habehat
880 2716 981 2787 obitu
1005 2714 1251 2805 quadragesimo
1268 2714 1381 2804 quinto
1406 2713 1483 2780 Rea-

245 2826 399 2897 semper,
422 2819 455 2885 et
479 2819 645 2900 tamquam
674 2811 843 2902 ¹praesidia
890 2809 1003 2880 turum'
1022 2807 1159 2878 bonores
1183 2803 1390 2898 officiumst
1412 2807 1485 2876 llis-

233 2909 334 2992 'certa
356 2900 470 2968 salutis
493 2902 706 2994 praeforibus
727 2903 842 2973 domo-
888 2903 962 2971 sam'
978 2900 1147 2978 decrevit„
1361 2915 1362 2920 ’

245 3014 320 3061 rum
343 2993 449 3083 palam
473 2993 683 3086 proponenda
700 2995 842 3065 curabat.
938 3005 971 3080 ri,
995 2995 1065 3082 Iste-
1083 2992 1189 3062 homo.

245 3084 405 3154 Passionis
428 3090 614 3158 Dominicae
637 3089 840 3162 meditandae
868 3109 899 3163 ἡ.
1004 3089 1048 3156 lN
1071 3088 1128 3155 lll.
1145 3086 1368 3170 NOCTURNO

245 3173 404 3254 studium,
426 3184 635 3273 propagavit,
656 3183 837 3276 sacellis'in
932 3185 1016 3252 Lect.
1034 3183 1095 3253 de„
1117 3179 1485 3270 Homr'l.,S.,..Gre90rii

244 3269 475 3364 amphitheatro
493 3277 601 3345 Flavio
612 3276 786 3347 aedificatis
797 3275 839 3345 ad
888 3265 947 3368 Pp.
961 3272 1015 3342 ic
1031 3277 1148 3364 Ecocp
1172 3273 1358 3368 Designarit¹
1377 3276 1486 3342 Domi·
1549 3319 1553 3329 ·

248 3365 430 3436 calvarium
457 3369 689 3441 recolerentur.
712 3370 777 3438 ‘Ab
800 3371 840 3440 eo
888 3392 961 3452 nus,
984 3381 1019 3438 ut
1052 3366 1088 3448 io
1105 3391 1226 3456 'comm
1265 3367 1485 3460 Eucopelista·
1512 3393 1514 3398 ·

245 3459 339 3525 etiarn
363 3472 518 3554 perpetua
554 3464 842 3533 Sacramentum
879 3471 975 3530 'rura'
994 3462 1050 3538 tid.
1067 3461 1106 3530 dc
1120 3483 1229 3530 comm.
1250 3463 1285 3532 0.
1305 3485 1370 3534 'oua
1393 3466 1483 3533 Pcnt
1520 3459 1524 3470 '

216 3548 405 3620 ,charistici
431 3555 577 3625 adoratio
603 3559 786 3650 praecipuis
813 3558 844 3626 iu
943 3631 946 3638 Δ
1068 3593 1070 3598 ·
1119 3566 1143 3640 j
1167 3592 1207 3606 υ
1294 3611 1297 3618 .
1347 3593 1349 3600 r

245 3643 365 3712 Italiae
393 3647 530 3718 urbibus
571 3662 619 3737 est
664 3653 849 3721 constituta,
879 3714 883 3719 ,
929 3729 932 3736 ‚
1113 3647 1182 3742 ΜΕ
1208 3649 1289 3718 30..
1461 3689 1470 3708 1.

246 3736 303 3808 llis
329 3738 446 3828 igitur,
469 3742 605 3835 aliisque
643 3743 839 3818 admirandis
943 3744 976 3816 S.
1000 3747 1155 3812 Anamis
1180 3745 1294 3810 lacer.
1320 3743 1425 3810 lirun.

247 3830 400 3900 virtutum
422 3837 543 3907 meritis
565 3847 711 3907 maturus
734 3837 838 3920 coelo,
1050 3837 1141 3904 llccc:
1159 3834 1319 3906 Carnona.

247 3933 417 4016 postquam
457 3937 489 3997 'et
521 3930 705 4024 prophetiae
739 3930 837 4016 dono,
900 3923 1023 4019 'Dupl
1051 3931 1065 3995 l
1089 3930 1189 3998 Closs.
1217 3951 1290 3997 cum
1304 3939 1398 4020 nctoc.
1415 3949 1482 4000 ort

247 4027 279 4088 el
316 4019 544 4106 miraculorum
587 4025 705 4105 virtute
746 4025 840 4094 ,Deus
888 4022 946 4092 cic
969 4035 1003 4093 ct
1025 4020 1061 4090 ic
1083 4021 1261 4092 Breviorio.
