3584 5034
674 547 798 616 susm
824 547 1043 620 Fesseunnu
1424 547 1465 616 31

471 659 540 728 Dlll
565 662 609 730 25
670 717 676 740 ι
874 655 964 754 'piam
983 651 1221 740 uenerationem
1245 677 1356 730 morae
1385 658 1470 730 illius
1618 650 1620 656 Α

338 753 374 822 in
395 775 478 823 anno
508 752 664 836 bissertili
680 755 740 822 as.
788 813 792 820 .
882 756 1018 846 Spineaa
1033 756 1177 824 Coronae
1201 755 1233 822 in
1258 753 1386 824 coelesti
1411 753 1473 822 lle·

220 854 228 862 ”
269 847 309 914 S..
324 847 534 918 llanoaurmn
559 847 652 916 Cour.
686 848 813 915 Ponmr.
884 868 949 937 gno
973 847 1130 916 Coronam
1163 847 1283 938 gloriae
1315 867 1404 928 suae,
1439 856 1471 916 et

455 941 628 1030 Semidopl.
881 942 1000 1024 aeterni
1013 942 1117 1031 llegis
1140 943 1335 1031 majestatem
1357 961 1472 1030 perpe-

245 1031 453 1104 omniomnis
475 1032 835 1128 appendiceBreviorii.
883 1043 941 1194 ppo
968 1035 1193 1196 contemplari.
1229 1035 1289 1103 Per
1322 1031 1473 1104 eumdem

519 1166 562 1179 -
913 1148 1097 1198 ommume
1130 1177 1137 1193 .
1226 1181 1231 1190 .
1440 1153 1447 1165 ·

424 1221 544 1300 „Fun
568 1219 619 1288 lli.
932 1216 1189 1290 commemoratio
1214 1219 1335 1290 Ferioe

248 1327 680 1475 S.SP1NErilisi](iiigilerill
696 1405 837 1473 D.N.J.C.
975 1470 977 1479 ,
1019 1313 1341 1477 ADiriniiltitiriiiiinuM

329 1563 332 1568 .
433 1499 550 1589 ‹lepleor
571 1498 647 1588 maj.
931 1498 1089 1566 Christum
1127 1501 1243 1592 Regem
1281 1519 1342 1592 pro
1380 1496 1474 1566 uobis

292 1591 345 1663 Ad
378 1593 540 1681 Vesperos.
572 1589 696 1680 Antt'pln
727 1589 840 1659 llililes
887 1590 990 1682 Spinis
1019 1592 1223 1685 Coronatum:
1246 1590 1268 1640 *
1293 1591 1403 1662 Venite
1431 1595 1474 1660 Α·

245 1684 413 1756 Praesidis.
439 1687 520 1756 Gom
542 1682 723 1773 reliprisdo
739 1684 840 1753 Laud.
888 1683 1048 1754 dommus.

247 1779 368 1848 Psolnt.
392 1778 479 1845 Dixit
500 1778 665 1846 Dominus.
683 1779 763 1848 Gom
785 1798 836 1844 re·
930 1778 1051 1849 Psolm.
1075 1779 1185 1848 Venite
1208 1779 1397 1848 exultemus.

243 1868 350 1962 liquis·
374 1873 413 1942 <le
446 1874 537 1942 Dom.
565 1881 594 1939 ct
629 1870 712 1938 loco»
730 1867 839 1940 ultimi
929 1872 1083 1962 Hymnus.
1099 1873 1204 1963 Pange
1215 1872 1324 1963 lingua
1334 1872 1471 1963 gloriosi.

244 1965 331 2034 Psoi.
356 1963 497 2034 Laudate
520 1962 693 2032 Dominum
724 1983 835 2032 omnes
940 2010 943 2017 ,
989 1964 1145 2034 Lauream
1172 1965 1360 2034 certaminis.
1525 2028 1528 2037 ,

246 2067 370 2148 gentes.
556 2065 563 2078 “
991 2058 1054 2125 vIN
1078 2059 1352 2140 luocwttuo
1446 2099 1449 2104 -

398 2149 501 2240 Capit.
552 2143 557 2156 ’
621 2151 709 2224 Gont.
736 2150 767 2217 3.
930 2148 1053 2241 antipa
1094 2151 1260 2220 Maledicta
1301 2161 1385 2221 terra
1441 2151 1473 2218 in

242 2195 478 2333 Egredimini,
493 2240 733 2312 etvidetsfiliae
756 2241 832 2310 Sion
878 2262 977 2334 opere
1004 2265 1066 2314 suo
1087 2246 1228 2336 spinas,
1268 2255 1301 2315 et
1340 2235 1474 2314 tribulos

242 2337 362 2426 Regem
379 2336 582 2404 Salomonem
598 2335 629 2402 in
642 2333 831 2417 diademate,
882 2336 1070 2426 germinabit
1094 2339 1160 2407 tibi.

244 2449 313 2520 quo
337 2429 501 2500 coronavit
523 2428 614 2497 illum
644 2440 745 2498 mater
774 2449 834 2498 sua
927 2431 1047 2498 Psolm.
1069 2432 1096 2497 l.
1120 2435 1236 2500 Beatus
1258 2432 1317 2514 vir,
1336 2430 1473 2523 quinon

243 2523 277 2590 in
311 2521 362 2591 die
385 2523 638 2614 desponsationis
669 2523 767 2603 illius,
802 2532 834 2591 et
876 2520 1007 2589 obiitin
1031 2524 1165 2592 consilio
1191 2524 1372 2614 impiorum,
1397 2546 1474 2591 eum

243 2615 277 2684 in
301 2615 353 2685 die
376 2616 510 2686 laetitiae
534 2615 641 2684 cordis
665 2617 744 2705 ejus.
883 2613 1015 2705 reliquis
1038 2616 1076 2684 de
1098 2639 1175 2684 eom.
1198 2640 1251 2684 on.
1283 2619 1381 2684 Mart.

292 2711 444 2800 Hymnus.
479 2707 616 2802 Vertilla¹
639 2711 723 2800 regis
758 2727 833 2800 prn-
926 2706 1051 2796 Antiplu
1075 2708 1139 2789 Qui
1161 2709 1472 2798 cogitaveruntma·

246 2799 357 2882 deum,
380 2814 414 2872 ut
438 2801 474 2869 in
498 2805 591 2870 Broc.
880 2798 965 2866 litias
991 2800 1023 2866 in
1051 2799 1158 2884 cortic,
1200 2811 1280 2872 tola·
1301 2799 1355 2871 die
1391 2819 1471 2870 eort-

291 2899 321 2964 ἡ.
346 2895 446 2962 Tuam
477 2893 634 2962 Coronam
664 2889 836 2960 adoramus
883 2890 1055 2961 stituebant
1076 2896 1206 2986 praelia·
1375 2965 1382 2984 ⁸

245 2986 394 3056 Domine.
937 2986 1055 3055 Psolm.
1081 2991 1112 3058 2.
1136 2990 1244 3072 Quare
1276 2989 1478 3076 fremuerunt

246 3113 253 3154 ς
292 3086 327 3162 e.
352 3081 451 3148 Tuam
474 3077 645 3171 gloriosam
669 3075 840 3148 recolimus
887 3076 1013 3147 Gentes.
1329 3130 1332 3135 ψ

246 3171 440 3250 Passionem.
518 3239 521 3246 ,
933 3173 1057 3264 Antipl.
1082 3175 1212 3258 Omnes,
1237 3176 1294 3268 qui
1326 3172 1478 3243 videbant

292 3267 344 3336 Ad
359 3263 552 3355 Mognr‘ficnt
570 3265 695 3355 Antiplt
716 3266 838 3360 Appre·
887 3287 948 3347 me,
987 3268 1239 3357 aspernabantur
1278 3291 1341 3353 me,
1375 3267 1474 3337 locuti

245 3357 355 3428 heudit
377 3360 495 3427 Pilatus
519 3362 651 3440 lesum,
675 3366 707 3426 et
729 3355 837 3447 llagel·
884 3368 961 3425 sunt
981 3359 1095 3442 labiis„
1119 3370 1150 3429 et
1176 3373 1346 3432 moverunt
1368 3370 1473 3452 caput.

244 3451 332 3534 levit3
356 3463 389 3521 et
411 3454 524 3520 milites
549 3452 722 3544 plectentes
739 3450 839 3520 Coro·
933 3453 1063 3536 Psolm„
1076 3457 1107 3521 3.
1132 3455 1276 3540 Domine,
1293 3455 1371 3548 quid
1394 3455 1476 3526 mut-

248 3567 323 3612 nam
348 3545 389 3622 de
413 3547 517 3636 Spinis
540 3547 762 3636 imposuerunt
778 3545 855 3616 Cas
884 3543 1013 3636 tiplicati
1037 3559 1121 3615 sunt.

244 3637 302 3730 piti
315 3633 394 3725 ejus,
418 3651 450 3712 et¹
472 3640 566 3708 Veste
580 3658 750 3730 purpurea
775 3637 837 3705 cir·
929 3640 959 3704 l.
983 3639 1082 3708 Tuam
1105 3643 1262 3712 Coronam
1301 3641 1473 3711 adoramus

247 3728 590 3802 cumdederunt'eum.
884 3731 1027 3802 Domine.
1355 3795 1359 3803 .

496 3823 606 3894 Oratio
930 3827 963 3903 n.
988 3827 1087 3902 Tuam
1112 3824 1281 3900 oloriosam
1300 3823 1471 3896 recolimus

244 3872 374 4001 Deus,
402 3916 458 4007 qui
473 3917 677 4008 Unigenitum
692 3923 783 3983 tuum
806 3916 837 3984 in
883 3916 1075 3989 Passionem.
1110 3880 1132 3955 ,³²
1200 4004 1203 4011 .

245 4014 399 4104 passione
416 4031 476 4098 sua
500 4011 616 4102 Spinea
632 4009 756 4076 Corona
779 4007 833 4078 de·
975 4026 980 4035 ’
1004 4015 1053 4084 De
1074 4015 1156 4084 isaia
1187 4012 1351 4106 Propheta.

244 4105 359 4189 cerari,
385 4114 418 4174 et
442 4105 559 4194 Regem
575 4100 699 4170 adorari
730 4102 832 4172 volui·
1031 4162 1034 4167 ,
1124 4111 1208 4177 Lect.
1233 4128 1254 4175 r.

218 4199 292 4275 sti:
319 4197 501 4282 danobis,
536 4215 754 4293 quaesumus,
789 4197 832 4278 ob
881 4153 991 4294 Quis
1020 4201 1155 4272 credidit
1176 4200 1298 4271 auditui
1338 4201 1471 4271 nostro?
