<?xml version="1.0" encoding="UTF-8"?>
<!DOCTYPE html PUBLIC "-//W3C//DTD XHTML 1.0 Transitional//EN"
    "http://www.w3.org/TR/xhtml1/DTD/xhtml1-transitional.dtd">
<html xmlns="http://www.w3.org/1999/xhtml" xml:lang="en" lang="en">
 <head>
  <title>
</title>
<meta http-equiv="Content-Type" content="text/html;charset=utf-8" />
  <meta name='ocr-system' content='tesseract 3.04.00' />
  <meta name='ocr-capabilities' content='ocr_page ocr_carea ocr_par ocr_line ocrx_word'/>
</head>
<body>
  <div class='ocr_page' id='page_1' title='image "./officiasanctoru00churgoog/officiasanctoru00churgoog_0069.png"; bbox 0 0 3584 5034; ppageno 0'>
   <div class='ocr_carea' id='block_1_1' title="bbox 691 667 1489 742">
    <p class='ocr_par' dir='ltr' id='par_1_1' title="bbox 691 667 1489 742">
     <span class='ocr_line' id='line_1_1' title="bbox 691 667 1489 742; baseline -0.004 -7"><span class='ocrx_word' id='word_1_1' title='bbox 691 667 818 737; x_wconf 73' lang='lat' dir='ltr'><strong>FESTA</strong></span> <span class='ocrx_word' id='word_1_2' title='bbox 842 667 1062 742; x_wconf 73' lang='lat' dir='ltr'><strong>utcontra</strong></span> <span class='ocrx_word' id='word_1_3' title='bbox 1435 667 1489 732; x_wconf 81' lang='lat' dir='ltr'><strong>tv</strong></span> 
     </span>
    </p>
   </div>
   <div class='ocr_carea' id='block_1_2' title="bbox 262 776 1496 1523">
    <p class='ocr_par' dir='ltr' id='par_1_2' title="bbox 262 776 1496 1523">
     <span class='ocr_line' id='line_1_2' title="bbox 262 776 1492 873; baseline 0.002 -28"><span class='ocrx_word' id='word_1_4' title='bbox 262 777 388 861; x_wconf 77' lang='lat' dir='ltr'><strong>bantur,</strong></span> <span class='ocrx_word' id='word_1_5' title='bbox 412 789 534 848; x_wconf 79' lang='lat' dir='ltr'>sextam</span> <span class='ocrx_word' id='word_1_6' title='bbox 558 779 682 852; x_wconf 84' lang='lat' dir='ltr'><strong>sabbati</strong></span> <span class='ocrx_word' id='word_1_7' title='bbox 696 781 849 873; x_wconf 60' lang='lat' dir='ltr'><strong>“appella-</strong></span> <span class='ocrx_word' id='word_1_8' title='bbox 897 802 954 852; x_wconf 90' lang='lat' dir='ltr'><strong>um</strong></span> <span class='ocrx_word' id='word_1_9' title='bbox 972 782 1073 849; x_wconf 86' lang='lat' dir='ltr'><strong>meriti</strong></span> <span class='ocrx_word' id='word_1_10' title='bbox 1089 780 1192 849; x_wconf 80' lang='lat' dir='ltr'><strong>inisse</strong></span> <span class='ocrx_word' id='word_1_11' title='bbox 1208 776 1367 848; x_wconf 74' lang='lat' dir='ltr'><strong>landatur.</strong></span> <span class='ocrx_word' id='word_1_12' title='bbox 1386 777 1492 847; x_wconf 75' lang='lat' dir='ltr'><strong>Talem</strong></span> 
     </span>
     <span class='ocr_line' id='line_1_3' title="bbox 262 870 1492 966; baseline -0.001 -27"><span class='ocrx_word' id='word_1_13' title='bbox 262 870 348 952; x_wconf 89' lang='lat' dir='ltr'><strong>bant,</strong></span> <span class='ocrx_word' id='word_1_14' title='bbox 371 891 412 954; x_wconf 84' lang='lat' dir='ltr'><strong>oo</strong></span> <span class='ocrx_word' id='word_1_15' title='bbox 437 874 527 964; x_wconf 89' lang='lat' dir='ltr'><strong>qnod</strong></span> <span class='ocrx_word' id='word_1_16' title='bbox 551 876 583 942; x_wconf 93' lang='lat' dir='ltr'><strong>in</strong></span> <span class='ocrx_word' id='word_1_17' title='bbox 607 876 671 960; x_wconf 89' lang='lat' dir='ltr'><strong>illo,</strong></span> <span class='ocrx_word' id='word_1_18' title='bbox 698 895 735 944; x_wconf 90' lang='lat' dir='ltr'><strong>ea</strong></span> <span class='ocrx_word' id='word_1_19' title='bbox 767 895 852 966; x_wconf 86' lang='lat' dir='ltr'><strong>qnae</strong></span> <span class='ocrx_word' id='word_1_20' title='bbox 900 897 1042 965; x_wconf 87' lang='lat' dir='ltr'><strong>namque</strong></span> <span class='ocrx_word' id='word_1_21' title='bbox 1073 876 1208 943; x_wconf 79' lang='lat' dir='ltr'><strong>existere</strong></span> <span class='ocrx_word' id='word_1_22' title='bbox 1239 871 1375 940; x_wconf 79' lang='lat' dir='ltr'><strong>decebat</strong></span> <span class='ocrx_word' id='word_1_23' title='bbox 1395 890 1492 952; x_wconf 86' lang='lat' dir='ltr'><strong>unm,</strong></span> 
     </span>
     <span class='ocr_line' id='line_1_4' title="bbox 264 965 1493 1060; baseline 0.001 -27"><span class='ocrx_word' id='word_1_24' title='bbox 264 965 387 1056; x_wconf 84' lang='lat' dir='ltr'><strong>requiei</strong></span> <span class='ocrx_word' id='word_1_25' title='bbox 401 965 524 1035; x_wconf 88' lang='lat' dir='ltr'><strong>sabbati</strong></span> <span class='ocrx_word' id='word_1_26' title='bbox 540 969 716 1038; x_wconf 82' lang='lat' dir='ltr'><strong>neccssaria</strong></span> <span class='ocrx_word' id='word_1_27' title='bbox 739 979 854 1051; x_wconf 86' lang='lat' dir='ltr'><strong>essent,</strong></span> <span class='ocrx_word' id='word_1_28' title='bbox 903 970 960 1060; x_wconf 90' lang='lat' dir='ltr'><strong>qui</strong></span> <span class='ocrx_word' id='word_1_29' title='bbox 977 988 1095 1058; x_wconf 85' lang='lat' dir='ltr'><strong>corpus</strong></span> <span class='ocrx_word' id='word_1_30' title='bbox 1114 967 1237 1035; x_wconf 77' lang='lat' dir='ltr'><strong>Domini</strong></span> <span class='ocrx_word' id='word_1_31' title='bbox 1260 965 1419 1058; x_wconf 76' lang='lat' dir='ltr'><strong>sepeliret3</strong></span> <span class='ocrx_word' id='word_1_32' title='bbox 1436 965 1493 1056; x_wconf 81' lang='lat' dir='ltr'><strong>qvi</strong></span> 
     </span>
     <span class='ocr_line' id='line_1_5' title="bbox 264 1056 1494 1151; baseline -0.002 -25"><span class='ocrx_word' id='word_1_33' title='bbox 264 1079 456 1150; x_wconf 85' lang='lat' dir='ltr'><strong>praeparare</strong></span> <span class='ocrx_word' id='word_1_34' title='bbox 486 1063 633 1130; x_wconf 75' lang='lat' dir='ltr'><strong>solerent.</strong></span> <span class='ocrx_word' id='word_1_35' title='bbox 659 1064 755 1130; x_wconf 86' lang='lat' dir='ltr'><strong>Juxta</strong></span> <span class='ocrx_word' id='word_1_36' title='bbox 785 1061 857 1144; x_wconf 88' lang='lat' dir='ltr'><strong>hoc,</strong></span> <span class='ocrx_word' id='word_1_37' title='bbox 906 1073 938 1131; x_wconf 93' lang='lat' dir='ltr'><strong>et</strong></span> <span class='ocrx_word' id='word_1_38' title='bbox 961 1083 1021 1150; x_wconf 86' lang='lat' dir='ltr'><strong>per</strong></span> <span class='ocrx_word' id='word_1_39' title='bbox 1037 1063 1191 1149; x_wconf 80' lang='lat' dir='ltr'><strong>justitiam</strong></span> <span class='ocrx_word' id='word_1_40' title='bbox 1226 1056 1494 1151; x_wconf 76' lang='lat' dir='ltr'><strong>meritorum‘tali</strong></span> 
     </span>
     <span class='ocr_line' id='line_1_6' title="bbox 265 1149 1495 1247; baseline -0.002 -29"><span class='ocrx_word' id='word_1_41' title='bbox 265 1151 355 1242; x_wconf 83' lang='lat' dir='ltr'><strong>quod</strong></span> <span class='ocrx_word' id='word_1_42' title='bbox 382 1151 424 1220; x_wconf 90' lang='lat' dir='ltr'><strong>dc</strong></span> <span class='ocrx_word' id='word_1_43' title='bbox 446 1175 561 1223; x_wconf 87' lang='lat' dir='ltr'><strong>manna</strong></span> <span class='ocrx_word' id='word_1_44' title='bbox 586 1155 751 1246; x_wconf 89' lang='lat' dir='ltr'><strong>qnondam</strong></span> <span class='ocrx_word' id='word_1_45' title='bbox 766 1177 860 1247; x_wconf 89' lang='lat' dir='ltr'><strong>prae·</strong></span> <span class='ocrx_word' id='word_1_46' title='bbox 907 1155 1080 1223; x_wconf 88' lang='lat' dir='ltr'><strong>ministerio</strong></span> <span class='ocrx_word' id='word_1_47' title='bbox 1112 1154 1227 1243; x_wconf 86' lang='lat' dir='ltr'><strong>dignus</strong></span> <span class='ocrx_word' id='word_1_48' title='bbox 1256 1158 1350 1234; x_wconf 58' lang='lat' dir='ltr'><strong>essm,</strong></span> <span class='ocrx_word' id='word_1_49' title='bbox 1382 1162 1417 1219; x_wconf 86' lang='lat' dir='ltr'><strong>ct</strong></span> <span class='ocrx_word' id='word_1_50' title='bbox 1436 1149 1495 1241; x_wconf 73' lang='lat' dir='ltr'><strong>por</strong></span> 
     </span>
     <span class='ocr_line' id='line_1_7' title="bbox 265 1243 1492 1338; baseline -0.002 -26"><span class='ocrx_word' id='word_1_51' title='bbox 265 1255 394 1336; x_wconf 83' lang='lat' dir='ltr'><strong>ceptum</strong></span> <span class='ocrx_word' id='word_1_52' title='bbox 419 1256 475 1314; x_wconf 89' lang='lat' dir='ltr'><strong>est:</strong></span> <span class='ocrx_word' id='word_1_53' title='bbox 492 1260 579 1318; x_wconf 85' lang='lat' dir='ltr'><strong>sexta</strong></span> <span class='ocrx_word' id='word_1_54' title='bbox 595 1262 700 1317; x_wconf 82' lang='lat' dir='ltr'><strong>antem</strong></span> <span class='ocrx_word' id='word_1_55' title='bbox 724 1248 776 1317; x_wconf 88' lang='lat' dir='ltr'><strong>dle</strong></span> <span class='ocrx_word' id='word_1_56' title='bbox 792 1248 860 1316; x_wconf 92' lang='lat' dir='ltr'><strong>col·</strong></span> <span class='ocrx_word' id='word_1_57' title='bbox 907 1245 1100 1317; x_wconf 84' lang='lat' dir='ltr'><strong>nobilitatem</strong></span> <span class='ocrx_word' id='word_1_58' title='bbox 1125 1247 1282 1338; x_wconf 87' lang='lat' dir='ltr'><strong>potentiae</strong></span> <span class='ocrx_word' id='word_1_59' title='bbox 1304 1243 1492 1324; x_wconf 69' lang='lat' dir='ltr'><strong>modularis,</strong></span> 
     </span>
     <span class='ocr_line' id='line_1_8' title="bbox 266 1331 1494 1432; baseline -0.002 -27"><span class='ocrx_word' id='word_1_60' title='bbox 266 1337 369 1427; x_wconf 85' lang='lat' dir='ltr'><strong>ligetis</strong></span> <span class='ocrx_word' id='word_1_61' title='bbox 393 1337 537 1431; x_wconf 85' lang='lat' dir='ltr'><strong>duplum.</strong></span> <span class='ocrx_word' id='word_1_62' title='bbox 562 1345 645 1424; x_wconf 86' lang='lat' dir='ltr'><strong>Quia</strong></span> <span class='ocrx_word' id='word_1_63' title='bbox 666 1362 742 1431; x_wconf 90' lang='lat' dir='ltr'><strong>ergo</strong></span> <span class='ocrx_word' id='word_1_64' title='bbox 772 1351 860 1409; x_wconf 83' lang='lat' dir='ltr'><strong>sexta</strong></span> <span class='ocrx_word' id='word_1_65' title='bbox 907 1342 1088 1410; x_wconf 73' lang='lat' dir='ltr'><strong>facultatem</strong></span> <span class='ocrx_word' id='word_1_66' title='bbox 1113 1350 1220 1432; x_wconf 86' lang='lat' dir='ltr'><strong>posset</strong></span> <span class='ocrx_word' id='word_1_67' title='bbox 1235 1331 1378 1407; x_wconf 77' lang='lat' dir='ltr'><strong>obtinere</strong></span> <span class='ocrx_word' id='word_1_68' title='bbox 1403 1336 1494 1404; x_wconf 85' lang='lat' dir='ltr'><strong>mini·</strong></span> 
     </span>
     <span class='ocr_line' id='line_1_9' title="bbox 268 1430 1496 1523; baseline -0.001 -26"><span class='ocrx_word' id='word_1_69' title='bbox 268 1430 322 1499; x_wconf 89' lang='lat' dir='ltr'><strong>die</strong></span> <span class='ocrx_word' id='word_1_70' title='bbox 346 1431 448 1500; x_wconf 85' lang='lat' dir='ltr'><strong>iactus</strong></span> <span class='ocrx_word' id='word_1_71' title='bbox 472 1435 699 1516; x_wconf 54' lang='lat' dir='ltr'><strong>esthom0,&gt;et</strong></span> <span class='ocrx_word' id='word_1_72' title='bbox 722 1444 786 1500; x_wconf 87' lang='lat' dir='ltr'><strong>tota</strong></span> <span class='ocrx_word' id='word_1_73' title='bbox 809 1444 858 1503; x_wconf 84' lang='lat' dir='ltr'><strong>est</strong></span> <span class='ocrx_word' id='word_1_74' title='bbox 903 1434 1035 1515; x_wconf 80' lang='lat' dir='ltr'><strong>strandi3</strong></span> <span class='ocrx_word' id='word_1_75' title='bbox 1062 1455 1126 1502; x_wconf 91' lang='lat' dir='ltr'><strong>non</strong></span> <span class='ocrx_word' id='word_1_76' title='bbox 1149 1433 1233 1502; x_wconf 84' lang='lat' dir='ltr'><strong>enim</strong></span> <span class='ocrx_word' id='word_1_77' title='bbox 1249 1431 1383 1523; x_wconf 82' lang='lat' dir='ltr'><strong>quilibet</strong></span> <span class='ocrx_word' id='word_1_78' title='bbox 1405 1431 1496 1519; x_wconf 85' lang='lat' dir='ltr'><strong>igno·</strong></span> 
     </span>
    </p>
   </div>
   <div class='ocr_carea' id='block_1_3' title="bbox 267 1522 1604 1620">
    <p class='ocr_par' dir='ltr' id='par_1_3' title="bbox 267 1522 1604 1620">
     <span class='ocr_line' id='line_1_10' title="bbox 267 1522 1604 1620; baseline 0.001 -29"><span class='ocrx_word' id='word_1_79' title='bbox 267 1522 380 1591; x_wconf 92' lang='lat' dir='ltr'><strong>mnndi</strong></span> <span class='ocrx_word' id='word_1_80' title='bbox 396 1537 541 1595; x_wconf 87' lang='lat' dir='ltr'><strong>creatura</strong></span> <span class='ocrx_word' id='word_1_81' title='bbox 557 1529 707 1620; x_wconf 62' lang='lat' dir='ltr'><strong>perfector</strong></span> <span class='ocrx_word' id='word_1_82' title='bbox 724 1527 858 1617; x_wconf 86' lang='lat' dir='ltr'><strong>septima</strong></span> <span class='ocrx_word' id='word_1_83' title='bbox 907 1541 969 1610; x_wconf 89' lang='lat' dir='ltr'><strong>tos,</strong></span> <span class='ocrx_word' id='word_1_84' title='bbox 993 1537 1050 1595; x_wconf 89' lang='lat' dir='ltr'><strong>ant</strong></span> <span class='ocrx_word' id='word_1_85' title='bbox 1063 1525 1236 1596; x_wconf 86' lang='lat' dir='ltr'><strong>mediocris</strong></span> <span class='ocrx_word' id='word_1_86' title='bbox 1251 1525 1292 1593; x_wconf 88' lang='lat' dir='ltr'><strong>ad</strong></span> <span class='ocrx_word' id='word_1_87' title='bbox 1316 1522 1495 1616; x_wconf 86' lang='lat' dir='ltr'><strong>praesidem</strong></span> <span class='ocrx_word' id='word_1_88' title='bbox 1601 1581 1604 1593; x_wconf 93' lang='lat'>.</span> 
     </span>
    </p>
   </div>
   <div class='ocr_carea' id='block_1_4' title="bbox 265 1618 1497 2654">
    <p class='ocr_par' dir='ltr' id='par_1_4' title="bbox 265 1618 1497 2654">
     <span class='ocr_line' id='line_1_11' title="bbox 267 1618 1496 1712; baseline 0.001 -29"><span class='ocrx_word' id='word_1_89' title='bbox 267 1627 375 1685; x_wconf 90' lang='lat' dir='ltr'><strong>antem</strong></span> <span class='ocrx_word' id='word_1_90' title='bbox 410 1619 569 1688; x_wconf 82' lang='lat' dir='ltr'><strong>Conditor</strong></span> <span class='ocrx_word' id='word_1_91' title='bbox 593 1620 634 1688; x_wconf 89' lang='lat' dir='ltr'><strong>ab</strong></span> <span class='ocrx_word' id='word_1_92' title='bbox 673 1641 770 1712; x_wconf 88' lang='lat' dir='ltr'><strong>opere</strong></span> <span class='ocrx_word' id='word_1_93' title='bbox 801 1641 862 1688; x_wconf 90' lang='lat' dir='ltr'><strong>sno</strong></span> <span class='ocrx_word' id='word_1_94' title='bbox 911 1620 1075 1703; x_wconf 84' lang='lat' dir='ltr'><strong>accedere,</strong></span> <span class='ocrx_word' id='word_1_95' title='bbox 1090 1633 1123 1688; x_wconf 87' lang='lat' dir='ltr'><strong>et</strong></span> <span class='ocrx_word' id='word_1_96' title='bbox 1136 1618 1279 1689; x_wconf 79' lang='lat' dir='ltr'><strong>crncifixi</strong></span> <span class='ocrx_word' id='word_1_97' title='bbox 1294 1638 1414 1710; x_wconf 88' lang='lat' dir='ltr'><strong>eorpus</strong></span> <span class='ocrx_word' id='word_1_98' title='bbox 1436 1635 1496 1709; x_wconf 79' lang='lat' dir='ltr'><strong>po-</strong></span> 
     </span>
     <span class='ocr_line' id='line_1_12' title="bbox 268 1701 1457 1805; baseline 0.003 -26"><span class='ocrx_word' id='word_1_99' title='bbox 268 1701 434 1800; x_wconf 65' lang='lat' dir='ltr'><strong>rcquievit</strong></span> <span class='ocrx_word' id='word_1_100' title='bbox 461 1715 547 1783; x_wconf 86' lang='lat' dir='ltr'><strong>unde</strong></span> <span class='ocrx_word' id='word_1_101' title='bbox 571 1725 603 1781; x_wconf 90' lang='lat' dir='ltr'><strong>et</strong></span> <span class='ocrx_word' id='word_1_102' title='bbox 624 1713 708 1783; x_wconf 88' lang='lat' dir='ltr'><strong>hanc</strong></span> <span class='ocrx_word' id='word_1_103' title='bbox 739 1711 863 1781; x_wconf 89' lang='lat' dir='ltr'><strong>Sabba·</strong></span> <span class='ocrx_word' id='word_1_104' title='bbox 910 1723 991 1783; x_wconf 89' lang='lat' dir='ltr'><strong>terat</strong></span> <span class='ocrx_word' id='word_1_105' title='bbox 1014 1715 1191 1805; x_wconf 84' lang='lat' dir='ltr'><strong>impetrare.</strong></span> <span class='ocrx_word' id='word_1_106' title='bbox 1453 1733 1457 1739; x_wconf 83' lang='lat'>&#39;</span> 
     </span>
     <span class='ocr_line' id='line_1_13' title="bbox 268 1802 1496 1898; baseline -0.001 -28"><span class='ocrx_word' id='word_1_107' title='bbox 268 1813 347 1884; x_wconf 91' lang='lat' dir='ltr'><strong>tum,</strong></span> <span class='ocrx_word' id='word_1_108' title='bbox 374 1803 435 1882; x_wconf 85' lang='lat' dir='ltr'><strong>hoc</strong></span> <span class='ocrx_word' id='word_1_109' title='bbox 459 1817 507 1874; x_wconf 91' lang='lat' dir='ltr'><strong>est</strong></span> <span class='ocrx_word' id='word_1_110' title='bbox 530 1808 673 1896; x_wconf 84' lang='lat' dir='ltr'><strong>requiem</strong></span> <span class='ocrx_word' id='word_1_111' title='bbox 691 1807 792 1874; x_wconf 89' lang='lat' dir='ltr'><strong>voluit</strong></span> <span class='ocrx_word' id='word_1_112' title='bbox 807 1829 863 1898; x_wconf 87' lang='lat' dir='ltr'><strong>ap·</strong></span> <span class='ocrx_word' id='word_1_113' title='bbox 957 1811 990 1882; x_wconf 77' lang='lat' dir='ltr'><strong>ll·</strong></span> <span class='ocrx_word' id='word_1_114' title='bbox 1006 1807 1092 1875; x_wconf 85' lang='lat' dir='ltr'><strong>llaec</strong></span> <span class='ocrx_word' id='word_1_115' title='bbox 1108 1815 1156 1874; x_wconf 83' lang='lat' dir='ltr'><strong>est</strong></span> <span class='ocrx_word' id='word_1_116' title='bbox 1167 1805 1287 1875; x_wconf 87' lang='lat' dir='ltr'><strong>Sindon</strong></span> <span class='ocrx_word' id='word_1_117' title='bbox 1303 1802 1496 1893; x_wconf 82' lang='lat' dir='ltr'><strong>dignissima,</strong></span> 
     </span>
     <span class='ocr_line' id='line_1_14' title="bbox 266 1895 1497 1990; baseline -0.001 -26"><span class='ocrx_word' id='word_1_118' title='bbox 266 1897 388 1988; x_wconf 87' lang='lat' dir='ltr'><strong>pellari:</strong></span> <span class='ocrx_word' id='word_1_119' title='bbox 413 1911 499 1968; x_wconf 87' lang='lat' dir='ltr'><strong>reete</strong></span> <span class='ocrx_word' id='word_1_120' title='bbox 514 1902 660 1969; x_wconf 76' lang='lat' dir='ltr'><strong>Salvator</strong></span> <span class='ocrx_word' id='word_1_121' title='bbox 676 1899 788 1968; x_wconf 89' lang='lat' dir='ltr'><strong>eadem</strong></span> <span class='ocrx_word' id='word_1_122' title='bbox 811 1923 862 1969; x_wconf 90' lang='lat' dir='ltr'><strong>se·</strong></span> <span class='ocrx_word' id='word_1_123' title='bbox 910 1899 932 1942; x_wconf 76' lang='lat'><em>*</em></span> <span class='ocrx_word' id='word_1_124' title='bbox 956 1897 994 1965; x_wconf 92' lang='lat' dir='ltr'><strong>ln</strong></span> <span class='ocrx_word' id='word_1_125' title='bbox 1010 1920 1075 1990; x_wconf 87' lang='lat' dir='ltr'><strong>qna</strong></span> <span class='ocrx_word' id='word_1_126' title='bbox 1090 1900 1201 1968; x_wconf 89' lang='lat' dir='ltr'><strong>salutis</strong></span> <span class='ocrx_word' id='word_1_127' title='bbox 1215 1908 1328 1966; x_wconf 84' lang='lat' dir='ltr'><strong>auctor</strong></span> <span class='ocrx_word' id='word_1_128' title='bbox 1343 1895 1385 1965; x_wconf 88' lang='lat' dir='ltr'><strong>de</strong></span> <span class='ocrx_word' id='word_1_129' title='bbox 1398 1915 1497 1964; x_wconf 85' lang='lat' dir='ltr'><strong>croco</strong></span> 
     </span>
     <span class='ocr_line' id='line_1_15' title="bbox 268 1990 1472 2083; baseline -0.003 -26"><span class='ocrx_word' id='word_1_130' title='bbox 268 2001 321 2058; x_wconf 83' lang='lat' dir='ltr'><strong>xta</strong></span> <span class='ocrx_word' id='word_1_131' title='bbox 346 1991 398 2060; x_wconf 90' lang='lat' dir='ltr'><strong>die</strong></span> <span class='ocrx_word' id='word_1_132' title='bbox 421 1994 605 2076; x_wconf 83' lang='lat' dir='ltr'><strong>crucifixus,</strong></span> <span class='ocrx_word' id='word_1_133' title='bbox 627 1991 787 2062; x_wconf 83' lang='lat' dir='ltr'><strong>hnmanae</strong></span> <span class='ocrx_word' id='word_1_134' title='bbox 812 2015 861 2062; x_wconf 90' lang='lat' dir='ltr'><strong>re·</strong></span> <span class='ocrx_word' id='word_1_135' title='bbox 908 1992 1072 2083; x_wconf 86' lang='lat' dir='ltr'><strong>depositos</strong></span> <span class='ocrx_word' id='word_1_136' title='bbox 1097 1993 1214 2060; x_wconf 87' lang='lat' dir='ltr'><strong>inr&#39;olvi</strong></span> <span class='ocrx_word' id='word_1_137' title='bbox 1243 1990 1472 2080; x_wconf 82' lang='lat' dir='ltr'><strong>dignatusest.</strong></span> 
     </span>
     <span class='ocr_line' id='line_1_16' title="bbox 265 2084 1493 2179; baseline -0.002 -29"><span class='ocrx_word' id='word_1_138' title='bbox 265 2086 468 2153; x_wconf 88' lang='lat' dir='ltr'><strong>stauraticnis</strong></span> <span class='ocrx_word' id='word_1_139' title='bbox 508 2088 648 2179; x_wconf 90' lang='lat' dir='ltr'><strong>implevit</strong></span> <span class='ocrx_word' id='word_1_140' title='bbox 687 2105 856 2168; x_wconf 89' lang='lat' dir='ltr'><strong>arcannm;</strong></span> <span class='ocrx_word' id='word_1_141' title='bbox 953 2087 983 2152; x_wconf 75' lang='lat' dir='ltr'><strong>tl.</strong></span> <span class='ocrx_word' id='word_1_142' title='bbox 1008 2087 1049 2157; x_wconf 87' lang='lat' dir='ltr'><strong>Ut</strong></span> <span class='ocrx_word' id='word_1_143' title='bbox 1071 2107 1131 2154; x_wconf 91' lang='lat' dir='ltr'><strong>nos</strong></span> <span class='ocrx_word' id='word_1_144' title='bbox 1150 2084 1328 2176; x_wconf 82' lang='lat' dir='ltr'><strong>consepulti</strong></span> <span class='ocrx_word' id='word_1_145' title='bbox 1341 2099 1419 2151; x_wconf 87' lang='lat' dir='ltr'><strong>cum</strong></span> <span class='ocrx_word' id='word_1_146' title='bbox 1443 2101 1493 2160; x_wconf 89' lang='lat' dir='ltr'><strong>ec,</strong></span> 
     </span>
     <span class='ocr_line' id='line_1_17' title="bbox 267 2171 1495 2271; baseline -0.001 -30"><span class='ocrx_word' id='word_1_147' title='bbox 267 2175 408 2266; x_wconf 89' lang='lat' dir='ltr'><strong>ideoque</strong></span> <span class='ocrx_word' id='word_1_148' title='bbox 431 2199 506 2246; x_wconf 88' lang='lat' dir='ltr'><strong>enm</strong></span> <span class='ocrx_word' id='word_1_149' title='bbox 522 2183 696 2271; x_wconf 76' lang='lat' dir='ltr'><strong>accepisset</strong></span> <span class='ocrx_word' id='word_1_150' title='bbox 719 2192 855 2260; x_wconf 87' lang='lat' dir='ltr'><strong>acetum,</strong></span> <span class='ocrx_word' id='word_1_151' title='bbox 903 2182 1020 2249; x_wconf 86' lang='lat' dir='ltr'><strong>veteris</strong></span> <span class='ocrx_word' id='word_1_152' title='bbox 1037 2179 1172 2246; x_wconf 86' lang='lat' dir='ltr'><strong>hominis</strong></span> <span class='ocrx_word' id='word_1_153' title='bbox 1188 2178 1312 2247; x_wconf 77' lang='lat' dir='ltr'><strong>exuuiis</strong></span> <span class='ocrx_word' id='word_1_154' title='bbox 1333 2171 1495 2268; x_wconf 81' lang='lat' dir='ltr'><strong>depositis,</strong></span> 
     </span>
     <span class='ocr_line' id='line_1_18' title="bbox 267 2269 1496 2360; baseline 0.006 -27"><span class='ocrx_word' id='word_1_155' title='bbox 267 2269 358 2342; x_wconf 85' lang='lat' dir='ltr'><strong>dixit:</strong></span> <span class='ocrx_word' id='word_1_156' title='bbox 370 2284 626 2340; x_wconf 88' lang='lat' dir='ltr'><strong>consummatum</strong></span> <span class='ocrx_word' id='word_1_157' title='bbox 643 2284 699 2353; x_wconf 81' lang='lat' dir='ltr'><strong>est3</strong></span> <span class='ocrx_word' id='word_1_158' title='bbox 725 2273 858 2348; x_wconf 83' lang='lat' dir='ltr'><strong>honest</strong></span> <span class='ocrx_word' id='word_1_159' title='bbox 907 2273 1104 2343; x_wconf 83' lang='lat' dir='ltr'><strong>innocentiae</strong></span> <span class='ocrx_word' id='word_1_160' title='bbox 1136 2273 1283 2341; x_wconf 80' lang='lat' dir='ltr'><strong>Sindone</strong></span> <span class='ocrx_word' id='word_1_161' title='bbox 1309 2275 1496 2360; x_wconf 69' lang='lat' dir='ltr'><strong>tcgmundr·</strong></span> 
     </span>
     <span class='ocr_line' id='line_1_19' title="bbox 267 2361 1317 2457; baseline 0.006 -28"><span class='ocrx_word' id='word_1_162' title='bbox 267 2372 377 2431; x_wconf 68' lang='lat' dir='ltr'><strong>sevae</strong></span> <span class='ocrx_word' id='word_1_163' title='bbox 401 2361 473 2446; x_wconf 88' lang='lat' dir='ltr'><strong>diei,</strong></span> <span class='ocrx_word' id='word_1_164' title='bbox 491 2365 578 2456; x_wconf 87' lang='lat' dir='ltr'><strong>qnod</strong></span> <span class='ocrx_word' id='word_1_165' title='bbox 597 2387 656 2457; x_wconf 89' lang='lat' dir='ltr'><strong>pro</strong></span> <span class='ocrx_word' id='word_1_166' title='bbox 673 2367 786 2434; x_wconf 91' lang='lat' dir='ltr'><strong>mnndi·</strong></span> <span class='ocrx_word' id='word_1_167' title='bbox 808 2389 857 2435; x_wconf 89' lang='lat' dir='ltr'><strong>re·</strong></span> <span class='ocrx_word' id='word_1_168' title='bbox 906 2368 944 2433; x_wconf 89' lang='lat' dir='ltr'><strong>ln</strong></span> <span class='ocrx_word' id='word_1_169' title='bbox 969 2389 1042 2457; x_wconf 93' lang='lat' dir='ltr'><strong>qua.</strong></span> <span class='ocrx_word' id='word_1_170' title='bbox 1312 2386 1317 2394; x_wconf 65' lang='lat'><strong><em>⁴</em></strong></span> 
     </span>
     <span class='ocr_line' id='line_1_20' title="bbox 268 2455 1403 2550; baseline 0.004 -29"><span class='ocrx_word' id='word_1_171' title='bbox 268 2455 406 2524; x_wconf 80' lang='lat' dir='ltr'><strong>sectione</strong></span> <span class='ocrx_word' id='word_1_172' title='bbox 429 2459 566 2550; x_wconf 83' lang='lat' dir='ltr'><strong>suscepi,</strong></span> <span class='ocrx_word' id='word_1_173' title='bbox 592 2461 658 2549; x_wconf 87' lang='lat' dir='ltr'><strong>jaro</strong></span> <span class='ocrx_word' id='word_1_174' title='bbox 680 2471 783 2528; x_wconf 89' lang='lat' dir='ltr'><strong>totum</strong></span> <span class='ocrx_word' id='word_1_175' title='bbox 810 2471 858 2528; x_wconf 89' lang='lat' dir='ltr'><strong>est</strong></span> <span class='ocrx_word' id='word_1_176' title='bbox 903 2460 1014 2529; x_wconf 84' lang='lat' dir='ltr'><strong>Gloria</strong></span> <span class='ocrx_word' id='word_1_177' title='bbox 1037 2461 1129 2528; x_wconf 78' lang='lat' dir='ltr'><strong>Patri.</strong></span> <span class='ocrx_word' id='word_1_178' title='bbox 1157 2460 1194 2526; x_wconf 89' lang='lat' dir='ltr'><strong>ln</strong></span> <span class='ocrx_word' id='word_1_179' title='bbox 1220 2481 1293 2550; x_wconf 85' lang='lat' dir='ltr'><strong>qna.</strong></span> <span class='ocrx_word' id='word_1_180' title='bbox 1400 2477 1403 2485; x_wconf 87' lang='lat'>·</span> 
     </span>
     <span class='ocr_line' id='line_1_21' title="bbox 267 2550 1417 2654; baseline -0.002 -39"><span class='ocrx_word' id='word_1_181' title='bbox 267 2567 351 2654; x_wconf 80' lang='lat' dir='ltr'><strong>opus</strong></span> <span class='ocrx_word' id='word_1_182' title='bbox 387 2551 557 2644; x_wconf 87' lang='lat' dir='ltr'><strong>expletum.</strong></span> <span class='ocrx_word' id='word_1_183' title='bbox 590 2551 729 2622; x_wconf 78' lang='lat' dir='ltr'><strong>Salrbato</strong></span> <span class='ocrx_word' id='word_1_184' title='bbox 752 2565 859 2622; x_wconf 87' lang='lat' dir='ltr'><strong>autem</strong></span> <span class='ocrx_word' id='word_1_185' title='bbox 989 2556 1070 2620; x_wconf 85' lang='lat' dir='ltr'><strong>Leet.</strong></span> <span class='ocrx_word' id='word_1_186' title='bbox 1096 2575 1139 2622; x_wconf 80' lang='lat' dir='ltr'><strong>rx.</strong></span> <span class='ocrx_word' id='word_1_187' title='bbox 1159 2555 1200 2620; x_wconf 82' lang='lat' dir='ltr'><strong>&#39;de</strong></span> <span class='ocrx_word' id='word_1_188' title='bbox 1226 2555 1316 2618; x_wconf 81' lang='lat' dir='ltr'><strong>Hom.</strong></span> <span class='ocrx_word' id='word_1_189' title='bbox 1344 2550 1417 2616; x_wconf 81' lang='lat' dir='ltr'><strong>Fer.</strong></span> 
     </span>
    </p>
   </div>
   <div class='ocr_carea' id='block_1_5' title="bbox 151 2645 1328 2738">
    <p class='ocr_par' dir='ltr' id='par_1_5' title="bbox 151 2645 1328 2738">
     <span class='ocr_line' id='line_1_22' title="bbox 151 2645 1328 2738; baseline 0.001 -32"><span class='ocrx_word' id='word_1_190' title='bbox 151 2669 156 2682; x_wconf 94' lang='lat'><strong>·</strong></span> <span class='ocrx_word' id='word_1_191' title='bbox 267 2663 299 2707; x_wconf 90' lang='lat' dir='ltr'><strong>rn</strong></span> <span class='ocrx_word' id='word_1_192' title='bbox 324 2645 496 2734; x_wconf 86' lang='lat' dir='ltr'><strong>sepulchro</strong></span> <span class='ocrx_word' id='word_1_193' title='bbox 512 2648 726 2738; x_wconf 86' lang='lat' dir='ltr'><strong>requiescens,</strong></span> <span class='ocrx_word' id='word_1_194' title='bbox 752 2669 858 2714; x_wconf 85' lang='lat' dir='ltr'><strong>resor-</strong></span> <span class='ocrx_word' id='word_1_195' title='bbox 951 2646 997 2712; x_wconf 87' lang='lat' dir='ltr'><strong>&#39;le</strong></span> <span class='ocrx_word' id='word_1_196' title='bbox 1020 2648 1125 2714; x_wconf 88' lang='lat' dir='ltr'><strong>Deum</strong></span> <span class='ocrx_word' id='word_1_197' title='bbox 1148 2645 1328 2711; x_wconf 87' lang='lat' dir='ltr'><strong>laudamus.</strong></span> 
     </span>
    </p>
   </div>
   <div class='ocr_carea' id='block_1_6' title="bbox 268 2737 860 2828">
    <p class='ocr_par' dir='ltr' id='par_1_6' title="bbox 268 2737 860 2828">
     <span class='ocr_line' id='line_1_23' title="bbox 268 2737 860 2828; baseline 0.008 -26"><span class='ocrx_word' id='word_1_198' title='bbox 268 2737 426 2820; x_wconf 82' lang='lat' dir='ltr'><strong>rectionis,</strong></span> <span class='ocrx_word' id='word_1_199' title='bbox 445 2762 530 2828; x_wconf 89' lang='lat' dir='ltr'><strong>qnae</strong></span> <span class='ocrx_word' id='word_1_200' title='bbox 546 2755 658 2808; x_wconf 87' lang='lat' dir='ltr'><strong>octava</strong></span> <span class='ocrx_word' id='word_1_201' title='bbox 674 2741 727 2808; x_wconf 86' lang='lat' dir='ltr'><strong>die</strong></span> <span class='ocrx_word' id='word_1_202' title='bbox 744 2751 860 2809; x_wconf 84' lang='lat' dir='ltr'><strong>ventu·-</strong></span> 
     </span>
    </p>
   </div>
   <div class='ocr_carea' id='block_1_7' title="bbox 267 2825 1472 3180">
    <p class='ocr_par' dir='ltr' id='par_1_7' title="bbox 267 2825 1472 3180">
     <span class='ocr_line' id='line_1_24' title="bbox 267 2825 1472 2923; baseline 0 -29"><span class='ocrx_word' id='word_1_203' title='bbox 267 2849 303 2894; x_wconf 92' lang='lat' dir='ltr'><strong>ra</strong></span> <span class='ocrx_word' id='word_1_204' title='bbox 326 2839 403 2908; x_wconf 83' lang='lat' dir='ltr'><strong>erat,</strong></span> <span class='ocrx_word' id='word_1_205' title='bbox 419 2831 607 2923; x_wconf 84' lang='lat' dir='ltr'><strong>expectabat</strong></span> <span class='ocrx_word' id='word_1_206' title='bbox 630 2844 791 2900; x_wconf 85' lang='lat' dir='ltr'><strong>eventum.</strong></span> <span class='ocrx_word' id='word_1_207' title='bbox 1083 2831 1139 2899; x_wconf 78' lang='grc' dir='ltr'><strong>ΑΙ)</strong></span> <span class='ocrx_word' id='word_1_208' title='bbox 1163 2829 1323 2902; x_wconf 77' lang='lat' dir='ltr'><strong>LAUDES</strong></span> <span class='ocrx_word' id='word_1_209' title='bbox 1365 2858 1369 2873; x_wconf 79' lang='lat'><em>=</em></span> <span class='ocrx_word' id='word_1_210' title='bbox 1441 2825 1472 2894; x_wconf 76' lang='grc'><strong>’.</strong></span> 
     </span>
     <span class='ocr_line' id='line_1_25' title="bbox 315 2923 1165 3015; baseline 0.008 -28"><span class='ocrx_word' id='word_1_211' title='bbox 315 2933 347 3005; x_wconf 71' lang='lat' dir='ltr'><strong>n.</strong></span> <span class='ocrx_word' id='word_1_212' title='bbox 372 2923 530 2992; x_wconf 87' lang='lat' dir='ltr'><strong>llercatns</strong></span> <span class='ocrx_word' id='word_1_213' title='bbox 547 2936 594 2992; x_wconf 87' lang='lat' dir='ltr'><strong>est</strong></span> <span class='ocrx_word' id='word_1_214' title='bbox 610 2925 728 3015; x_wconf 89' lang='lat' dir='ltr'><strong>loseph</strong></span> <span class='ocrx_word' id='word_1_215' title='bbox 753 2923 861 2991; x_wconf 88' lang='lat' dir='ltr'><strong>sindo·</strong></span> <span class='ocrx_word' id='word_1_216' title='bbox 1163 3006 1165 3010; x_wconf 29' lang='grc'>,</span> 
     </span>
     <span class='ocr_line' id='line_1_26' title="bbox 267 3012 1421 3180; baseline 0.001 -100"><span class='ocrx_word' id='word_1_217' title='bbox 267 3034 342 3080; x_wconf 89' lang='lat' dir='ltr'><strong>nem</strong></span> <span class='ocrx_word' id='word_1_218' title='bbox 366 3017 534 3099; x_wconf 68' lang='lat' dir='ltr'><strong>mundam,</strong></span> <span class='ocrx_word' id='word_1_219' title='bbox 565 3027 601 3084; x_wconf 89' lang='lat' dir='ltr'><strong>ut</strong></span> <span class='ocrx_word' id='word_1_220' title='bbox 630 3016 804 3085; x_wconf 88' lang='lat' dir='ltr'><strong>involveret</strong></span> <span class='ocrx_word' id='word_1_221' title='bbox 828 3019 859 3085; x_wconf 90' lang='lat' dir='ltr'><strong>in</strong></span> <span class='ocrx_word' id='word_1_222' title='bbox 908 3029 1046 3180; x_wconf 63' lang='lat' dir='ltr'><strong>Josect</strong></span> <span class='ocrx_word' id='word_1_223' title='bbox 1064 3041 1125 3110; x_wconf 81' lang='lat' dir='ltr'><strong>per</strong></span> <span class='ocrx_word' id='word_1_224' title='bbox 1149 3019 1265 3097; x_wconf 78' lang='lat' dir='ltr'><strong>Horas,</strong></span> <span class='ocrx_word' id='word_1_225' title='bbox 1296 3012 1421 3104; x_wconf 69' lang='lat' dir='ltr'><strong>Arripit</strong></span> 
     </span>
    </p>
   </div>
   <div class='ocr_carea' id='block_1_8' title="bbox 264 3103 1537 4419">
    <p class='ocr_par' dir='ltr' id='par_1_8' title="bbox 264 3103 1537 4419">
     <span class='ocr_line' id='line_1_27' title="bbox 264 3103 1498 3204; baseline -0.002 -30"><span class='ocrx_word' id='word_1_226' title='bbox 264 3126 304 3174; x_wconf 88' lang='lat' dir='ltr'><strong>ea</strong></span> <span class='ocrx_word' id='word_1_227' title='bbox 328 3125 448 3201; x_wconf 79' lang='lat' dir='ltr'><strong>corpus</strong></span> <span class='ocrx_word' id='word_1_228' title='bbox 466 3111 589 3178; x_wconf 89' lang='lat' dir='ltr'><strong>Domini</strong></span> <span class='ocrx_word' id='word_1_229' title='bbox 614 3111 637 3152; x_wconf 81' lang='lat'><em>*</em></span> <span class='ocrx_word' id='word_1_230' title='bbox 661 3111 752 3180; x_wconf 81' lang='lat' dir='ltr'><strong>Venit</strong></span> <span class='ocrx_word' id='word_1_231' title='bbox 770 3131 858 3202; x_wconf 89' lang='lat' dir='ltr'><strong>ergo,</strong></span> <span class='ocrx_word' id='word_1_232' title='bbox 884 3135 889 3141; x_wconf 93' lang='lat'>·</span> <span class='ocrx_word' id='word_1_233' title='bbox 1014 3111 1061 3204; x_wconf 85' lang='lat' dir='ltr'><strong>plr-</strong></span> <span class='ocrx_word' id='word_1_234' title='bbox 1082 3111 1196 3180; x_wconf 90' lang='lat' dir='ltr'><strong>nobilis</strong></span> <span class='ocrx_word' id='word_1_235' title='bbox 1210 3107 1344 3179; x_wconf 85' lang='lat' dir='ltr'><strong>decurio</strong></span> <span class='ocrx_word' id='word_1_236' title='bbox 1368 3107 1417 3174; x_wconf 92' lang='lat' dir='ltr'><strong>vir</strong></span> <span class='ocrx_word' id='word_1_237' title='bbox 1440 3103 1498 3172; x_wconf 79' lang='lat' dir='ltr'><strong>lvo·</strong></span> 
     </span>
     <span class='ocr_line' id='line_1_28' title="bbox 265 3199 1499 3298; baseline -0.002 -31"><span class='ocrx_word' id='word_1_238' title='bbox 265 3208 298 3267; x_wconf 90' lang='lat' dir='ltr'><strong>et</strong></span> <span class='ocrx_word' id='word_1_239' title='bbox 321 3199 392 3292; x_wconf 85' lang='lat' dir='ltr'><strong>tulit</strong></span> <span class='ocrx_word' id='word_1_240' title='bbox 415 3225 535 3298; x_wconf 86' lang='lat' dir='ltr'><strong>eorpus</strong></span> <span class='ocrx_word' id='word_1_241' title='bbox 558 3206 637 3294; x_wconf 89' lang='lat' dir='ltr'><strong>ejus.</strong></span> <span class='ocrx_word' id='word_1_242' title='bbox 909 3203 983 3287; x_wconf 75' lang='lat' dir='ltr'><strong>n‘us,</strong></span> <span class='ocrx_word' id='word_1_243' title='bbox 1007 3214 1039 3274; x_wconf 88' lang='lat' dir='ltr'><strong>et</strong></span> <span class='ocrx_word' id='word_1_244' title='bbox 1050 3206 1169 3296; x_wconf 86' lang='lat' dir='ltr'><strong>justus,</strong></span> <span class='ocrx_word' id='word_1_245' title='bbox 1185 3215 1217 3273; x_wconf 93' lang='lat' dir='ltr'><strong>et</strong></span> <span class='ocrx_word' id='word_1_246' title='bbox 1227 3206 1300 3296; x_wconf 80' lang='lat' dir='ltr'><strong>&#39;ipso</strong></span> <span class='ocrx_word' id='word_1_247' title='bbox 1313 3199 1405 3268; x_wconf 90' lang='lat' dir='ltr'><strong>dives</strong></span> <span class='ocrx_word' id='word_1_248' title='bbox 1432 3209 1499 3267; x_wconf 87' lang='lat' dir='ltr'><strong>crat</strong></span> 
     </span>
     <span class='ocr_line' id='line_1_29' title="bbox 289 3291 1397 3392; baseline -0.004 -28"><span class='ocrx_word' id='word_1_249' title='bbox 289 3300 318 3364; x_wconf 77' lang='lat' dir='ltr'><strong>tl.</strong></span> <span class='ocrx_word' id='word_1_250' title='bbox 344 3294 478 3387; x_wconf 80' lang='lat' dir='ltr'><strong>Rogavit</strong></span> <span class='ocrx_word' id='word_1_251' title='bbox 507 3299 642 3366; x_wconf 85' lang='lat' dir='ltr'><strong>Pilatum</strong></span> <span class='ocrx_word' id='word_1_252' title='bbox 674 3297 791 3392; x_wconf 86' lang='lat' dir='ltr'><strong>loseph</strong></span> <span class='ocrx_word' id='word_1_253' title='bbox 816 3291 857 3364; x_wconf 89' lang='lat' dir='ltr'><strong>ab</strong></span> <span class='ocrx_word' id='word_1_254' title='bbox 909 3310 1083 3392; x_wconf 80' lang='lat' dir='ltr'><strong>expectans</strong></span> <span class='ocrx_word' id='word_1_255' title='bbox 1106 3306 1240 3387; x_wconf 84' lang='lat' dir='ltr'><strong>regnum</strong></span> <span class='ocrx_word' id='word_1_256' title='bbox 1264 3294 1331 3362; x_wconf 90' lang='lat' dir='ltr'><strong>Dei.</strong></span> <span class='ocrx_word' id='word_1_257' title='bbox 1393 3313 1397 3318; x_wconf 79' lang='grc'><strong><em>’</em></strong></span> 
     </span>
     <span class='ocr_line' id='line_1_30' title="bbox 268 3386 1501 3483; baseline 0.006 -34"><span class='ocrx_word' id='word_1_258' title='bbox 268 3387 489 3475; x_wconf 80' lang='lat' dir='ltr'><strong>Arimathaea,</strong></span> <span class='ocrx_word' id='word_1_259' title='bbox 522 3403 556 3460; x_wconf 86' lang='lat' dir='ltr'><strong>ot</strong></span> <span class='ocrx_word' id='word_1_260' title='bbox 585 3392 709 3460; x_wconf 86' lang='lat' dir='ltr'><strong>tolleret</strong></span> <span class='ocrx_word' id='word_1_261' title='bbox 739 3413 858 3483; x_wconf 87' lang='lat' dir='ltr'><strong>corpus</strong></span> <span class='ocrx_word' id='word_1_262' title='bbox 956 3393 1072 3462; x_wconf 77' lang='lat' dir='ltr'><strong>Protin.</strong></span> <span class='ocrx_word' id='word_1_263' title='bbox 1096 3393 1252 3459; x_wconf 89' lang='lat' dir='ltr'><strong>Dominus</strong></span> <span class='ocrx_word' id='word_1_264' title='bbox 1267 3386 1501 3478; x_wconf 83' lang='lat' dir='ltr'><strong>regnavitcunv</strong></span> 
     </span>
     <span class='ocr_line' id='line_1_31' title="bbox 268 3478 1443 3582; baseline -0.006 -27"><span class='ocrx_word' id='word_1_265' title='bbox 268 3478 353 3548; x_wconf 70' lang='lat' dir='ltr'><strong>lesu.</strong></span> <span class='ocrx_word' id='word_1_266' title='bbox 379 3487 470 3556; x_wconf 80' lang='lat' dir='ltr'><strong>Venit</strong></span> <span class='ocrx_word' id='word_1_267' title='bbox 493 3507 580 3576; x_wconf 87' lang='lat' dir='ltr'><strong>orgo.</strong></span> <span class='ocrx_word' id='word_1_268' title='bbox 906 3485 1040 3575; x_wconf 80' lang='lat' dir='ltr'><strong>reliqm&#39;s</strong></span> <span class='ocrx_word' id='word_1_269' title='bbox 1063 3486 1100 3553; x_wconf 84' lang='lat' dir='ltr'><strong>de</strong></span> <span class='ocrx_word' id='word_1_270' title='bbox 1125 3481 1302 3554; x_wconf 81' lang='lat' dir='ltr'><strong>Dominicn.</strong></span> <span class='ocrx_word' id='word_1_271' title='bbox 1401 3570 1405 3582; x_wconf 26' lang='grc' dir='ltr'>ι</span> <span class='ocrx_word' id='word_1_272' title='bbox 1440 3493 1443 3499; x_wconf 92' lang='grc'><strong>’</strong></span> 
     </span>
     <span class='ocr_line' id='line_1_32' title="bbox 315 3573 1502 3668; baseline -0.008 -20"><span class='ocrx_word' id='word_1_273' title='bbox 315 3575 431 3650; x_wconf 70' lang='lat' dir='ltr'><strong>Bono.</strong></span> <span class='ocrx_word' id='word_1_274' title='bbox 454 3579 604 3648; x_wconf 89' lang='lat' dir='ltr'><strong>Divinum</strong></span> <span class='ocrx_word' id='word_1_275' title='bbox 629 3577 792 3646; x_wconf 87' lang='lat' dir='ltr'><strong>auxilium.</strong></span> <span class='ocrx_word' id='word_1_276' title='bbox 959 3578 1083 3668; x_wconf 62' lang='lat' dir='ltr'><strong>Antonii.</strong></span> <span class='ocrx_word' id='word_1_277' title='bbox 1109 3578 1168 3645; x_wconf 87' lang='lat' dir='ltr'><strong>llic</strong></span> <span class='ocrx_word' id='word_1_278' title='bbox 1188 3575 1340 3644; x_wconf 87' lang='lat' dir='ltr'><strong>audacter</strong></span> <span class='ocrx_word' id='word_1_279' title='bbox 1365 3573 1502 3642; x_wconf 86' lang='lat' dir='ltr'><strong>introivit</strong></span> 
     </span>
     <span class='ocr_line' id='line_1_33' title="bbox 431 3669 1499 3857; baseline -0.008 -27.909"><span class='ocrx_word' id='word_1_280' title='bbox 431 3677 698 3857; x_wconf 50' lang='lat' dir='ltr'><strong>aaran</strong></span> <span class='ocrx_word' id='word_1_281' title='bbox 909 3669 1499 3854; x_wconf 57' lang='lat' dir='ltr'><strong>lllllitalicensi</strong></span> 
     </span>
     <span class='ocr_line' id='line_1_34' title="bbox 265 3856 1500 3949; baseline -0.01 -23"><span class='ocrx_word' id='word_1_282' title='bbox 265 3858 415 3926; x_wconf 85' lang='lat' dir='ltr'><strong>mathaca</strong></span> <span class='ocrx_word' id='word_1_283' title='bbox 439 3859 552 3926; x_wconf 90' lang='lat' dir='ltr'><strong>nobilis</strong></span> <span class='ocrx_word' id='word_1_284' title='bbox 580 3858 722 3936; x_wconf 84' lang='lat' dir='ltr'><strong>decurio,</strong></span> <span class='ocrx_word' id='word_1_285' title='bbox 748 3859 803 3946; x_wconf 89' lang='lat' dir='ltr'><strong>qni</strong></span> <span class='ocrx_word' id='word_1_286' title='bbox 828 3869 859 3924; x_wconf 91' lang='lat' dir='ltr'><strong>et</strong></span> <span class='ocrx_word' id='word_1_287' title='bbox 907 3880 926 3924; x_wconf 90' lang='lat' dir='ltr'><strong>a</strong></span> <span class='ocrx_word' id='word_1_288' title='bbox 950 3858 1147 3942; x_wconf 87' lang='lat' dir='ltr'><strong>centurione,</strong></span> <span class='ocrx_word' id='word_1_289' title='bbox 1165 3856 1253 3949; x_wconf 90' lang='lat' dir='ltr'><strong>qood</strong></span> <span class='ocrx_word' id='word_1_290' title='bbox 1266 3859 1331 3945; x_wconf 86' lang='lat' dir='ltr'><strong>jam</strong></span> <span class='ocrx_word' id='word_1_291' title='bbox 1355 3861 1500 3920; x_wconf 89' lang='lat' dir='ltr'><strong>mortuns</strong></span> 
     </span>
     <span class='ocr_line' id='line_1_35' title="bbox 268 3950 1537 4044; baseline 0 -26"><span class='ocrx_word' id='word_1_292' title='bbox 268 3955 338 4043; x_wconf 89' lang='lat' dir='ltr'><strong>ipse</strong></span> <span class='ocrx_word' id='word_1_293' title='bbox 362 3960 429 4019; x_wconf 88' lang='lat' dir='ltr'><strong>erat</strong></span> <span class='ocrx_word' id='word_1_294' title='bbox 444 3961 612 4044; x_wconf 83' lang='lat' dir='ltr'><strong>expectans</strong></span> <span class='ocrx_word' id='word_1_295' title='bbox 634 3971 767 4038; x_wconf 88' lang='lat' dir='ltr'><strong>regnum</strong></span> <span class='ocrx_word' id='word_1_296' title='bbox 794 3952 861 4032; x_wconf 89' lang='lat' dir='ltr'><strong>Dei,</strong></span> <span class='ocrx_word' id='word_1_297' title='bbox 908 3965 1002 4032; x_wconf 85' lang='lat' dir='ltr'><strong>essct,</strong></span> <span class='ocrx_word' id='word_1_298' title='bbox 1027 3953 1158 4022; x_wconf 84' lang='lat' dir='ltr'><strong>donavit</strong></span> <span class='ocrx_word' id='word_1_299' title='bbox 1181 3971 1301 4040; x_wconf 86' lang='lat' dir='ltr'><strong>eorpus</strong></span> <span class='ocrx_word' id='word_1_300' title='bbox 1324 3950 1410 4013; x_wconf 85' lang='lat' dir='ltr'><strong>lesu.</strong></span> <span class='ocrx_word' id='word_1_301' title='bbox 1531 4002 1537 4018; x_wconf 85' lang='lat'><strong>.</strong></span> 
     </span>
     <span class='ocr_line' id='line_1_36' title="bbox 268 4041 1499 4138; baseline -0.006 -25"><span class='ocrx_word' id='word_1_302' title='bbox 268 4056 301 4114; x_wconf 87' lang='lat' dir='ltr'><strong>et</strong></span> <span class='ocrx_word' id='word_1_303' title='bbox 324 4043 477 4112; x_wconf 88' lang='lat' dir='ltr'><strong>audacter</strong></span> <span class='ocrx_word' id='word_1_304' title='bbox 494 4045 631 4112; x_wconf 90' lang='lat' dir='ltr'><strong>introivit</strong></span> <span class='ocrx_word' id='word_1_305' title='bbox 647 4041 688 4110; x_wconf 91' lang='lat' dir='ltr'><strong>ad</strong></span> <span class='ocrx_word' id='word_1_306' title='bbox 714 4043 860 4125; x_wconf 85' lang='lat' dir='ltr'><strong>Pilatum,</strong></span> <span class='ocrx_word' id='word_1_307' title='bbox 957 4048 1028 4115; x_wconf 87' lang='lat' dir='ltr'><strong>Ant.</strong></span> <span class='ocrx_word' id='word_1_308' title='bbox 1053 4046 1172 4138; x_wconf 84' lang='lat' dir='ltr'><strong>loseph</strong></span> <span class='ocrx_word' id='word_1_309' title='bbox 1201 4055 1308 4111; x_wconf 86' lang='lat' dir='ltr'><strong>autern</strong></span> <span class='ocrx_word' id='word_1_310' title='bbox 1340 4049 1499 4107; x_wconf 89' lang='lat' dir='ltr'><strong>mercatus</strong></span> 
     </span>
     <span class='ocr_line' id='line_1_37' title="bbox 268 4136 1498 4230; baseline -0.005 -24"><span class='ocrx_word' id='word_1_311' title='bbox 268 4150 302 4207; x_wconf 88' lang='lat' dir='ltr'><strong>ot</strong></span> <span class='ocrx_word' id='word_1_312' title='bbox 332 4138 421 4230; x_wconf 89' lang='lat' dir='ltr'><strong>petiit</strong></span> <span class='ocrx_word' id='word_1_313' title='bbox 452 4157 583 4228; x_wconf 85' lang='lat' dir='ltr'><strong>corpus·</strong></span> <span class='ocrx_word' id='word_1_314' title='bbox 606 4139 693 4205; x_wconf 81' lang='lat' dir='ltr'><strong>lesu.</strong></span> <span class='ocrx_word' id='word_1_315' title='bbox 731 4137 862 4227; x_wconf 88' lang='lat' dir='ltr'><strong>llagnae</strong></span> <span class='ocrx_word' id='word_1_316' title='bbox 910 4139 1094 4221; x_wconf 78' lang='lat' dir='ltr'><strong>sindonem,</strong></span> <span class='ocrx_word' id='word_1_317' title='bbox 1111 4153 1144 4208; x_wconf 86' lang='lat' dir='ltr'><strong>et</strong></span> <span class='ocrx_word' id='word_1_318' title='bbox 1158 4138 1328 4227; x_wconf 84' lang='lat' dir='ltr'><strong>deponens·</strong></span> <span class='ocrx_word' id='word_1_319' title='bbox 1346 4155 1434 4215; x_wconf 81' lang='lat' dir='ltr'><strong>curri,</strong></span> <span class='ocrx_word' id='word_1_320' title='bbox 1452 4136 1498 4201; x_wconf 91' lang='lat' dir='ltr'><strong>in-</strong></span> 
     </span>
     <span class='ocr_line' id='line_1_38' title="bbox 271 4230 1451 4324; baseline 0.003 -26"><span class='ocrx_word' id='word_1_321' title='bbox 271 4231 402 4322; x_wconf 86' lang='lat' dir='ltr'><strong>quidem</strong></span> <span class='ocrx_word' id='word_1_322' title='bbox 427 4230 545 4324; x_wconf 87' lang='lat' dir='ltr'><strong>loseph</strong></span> <span class='ocrx_word' id='word_1_323' title='bbox 561 4230 619 4300; x_wconf 88' lang='lat' dir='ltr'><strong>iste</strong></span> <span class='ocrx_word' id='word_1_324' title='bbox 635 4231 796 4320; x_wconf 82' lang='lat' dir='ltr'><strong>dignitatis</strong></span> <span class='ocrx_word' id='word_1_325' title='bbox 820 4231 862 4298; x_wconf 89' lang='lat' dir='ltr'><strong>ad</strong></span> <span class='ocrx_word' id='word_1_326' title='bbox 911 4233 1015 4300; x_wconf 75' lang='lat' dir='ltr'><strong>votor</strong></span> <span class='ocrx_word' id='word_1_327' title='bbox 1032 4233 1182 4302; x_wconf 88' lang='lat' dir='ltr'><strong>Sindone.</strong></span> <span class='ocrx_word' id='word_1_328' title='bbox 1446 4237 1451 4245; x_wconf 84' lang='lat'>&#39;</span> 
     </span>
     <span class='ocr_line' id='line_1_39' title="bbox 268 4323 1500 4419; baseline -0.011 -23"><span class='ocrx_word' id='word_1_329' title='bbox 268 4324 447 4409; x_wconf 78' lang='lat' dir='ltr'><strong>saeculnm,</strong></span> <span class='ocrx_word' id='word_1_330' title='bbox 471 4323 528 4395; x_wconf 89' lang='lat' dir='ltr'><strong>sed</strong></span> <span class='ocrx_word' id='word_1_331' title='bbox 551 4325 679 4415; x_wconf 90' lang='lat' dir='ltr'><strong>majoris</strong></span> <span class='ocrx_word' id='word_1_332' title='bbox 695 4324 782 4419; x_wconf 86' lang='lat' dir='ltr'><strong>apud</strong></span> <span class='ocrx_word' id='word_1_333' title='bbox 802 4326 861 4395; x_wconf 87' lang='lat' dir='ltr'><strong>De·</strong></span> <span class='ocrx_word' id='word_1_334' title='bbox 958 4325 1082 4416; x_wconf 70' lang='lat' dir='ltr'><strong>antiph.</strong></span> <span class='ocrx_word' id='word_1_335' title='bbox 1108 4325 1216 4394; x_wconf 81' lang='lat' dir='ltr'><strong>Posuit</strong></span> <span class='ocrx_word' id='word_1_336' title='bbox 1233 4343 1307 4392; x_wconf 89' lang='lat' dir='ltr'><strong>eum</strong></span> <span class='ocrx_word' id='word_1_337' title='bbox 1332 4323 1362 4387; x_wconf 89' lang='lat' dir='ltr'><strong>in</strong></span> <span class='ocrx_word' id='word_1_338' title='bbox 1388 4339 1500 4386; x_wconf 88' lang='lat' dir='ltr'><strong>monn-</strong></span> 
     </span>
    </p>
   </div>
   <div class='ocr_carea' id='block_1_9' title="bbox 1319 4441 1368 4503">
    <p class='ocr_par' dir='ltr' id='par_1_9' title="bbox 1319 4441 1368 4503">
     <span class='ocr_line' id='line_1_40' title="bbox 1319 4441 1368 4503; baseline 0 -46"><span class='ocrx_word' id='word_1_339' title='bbox 1319 4441 1338 4503; x_wconf 61' lang='lat'><strong>,</strong></span> <span class='ocrx_word' id='word_1_340' title='bbox 1364 4448 1368 4457; x_wconf 87' lang='lat'><em>.</em></span> 
     </span>
    </p>
   </div>
   <div class='ocr_carea' id='block_1_10' title="bbox 0 0 1805 5034">
    <p class='ocr_par' dir='ltr' id='par_1_10' title="bbox 0 0 1805 5034">
     <span class='ocr_line' id='line_1_41' title="bbox 0 0 1805 5034; baseline 0 0"><span class='ocrx_word' id='word_1_341' title='bbox 0 0 1805 5034; x_wconf 95' lang='lat' dir='ltr'><strong> </strong></span> 
     </span>
    </p>
   </div>
  </div>
 </body>
</html>
