3584 5034
351 576 416 698 rm
761 631 886 701 rnsrn
910 631 1153 711 surrunnnrs

345 761 463 822 causa,
498 742 635 832 primum
651 781 654 784 ·
670 741 801 810 Romam
836 745 931 825 vonit,
979 765 1084 812 cerem
1121 741 1239 812 catenis
1272 751 1436 826 oneratum
1462 739 1562 830 inedia

345 832 461 902 deinde
484 833 515 900 in
544 834 754 926 Campancam
793 839 932 905 secessit:
978 835 1214 904 conficiendum
1260 837 1410 924 conjecit.
1457 836 1562 902 Alma·

344 926 400 994 ubi
424 948 522 1018 prope
556 927 721 996 Salernum
756 952 821 997 nna
853 953 927 997 cunr
976 929 1083 998 chium
1108 950 1240 1020 quoque
1265 929 1403 997 nobilem
1416 949 1559 1019 puerum,

345 1019 505 1088 llonacbis
528 1020 745 1110 duodeviginti
768 1043 868 1090 annos
895 1045 929 1088 a·
976 1023 1064 1112 quod
1088 1034 1231 1089 sanctum
1257 1023 1411 1106 visitasset
1436 1044 1475 1090 ex
1499 1020 1559 1088 altu

343 1113 572 1182 nachoreticam
590 1116 685 1181 vitam
702 1114 799 1185 duxit.
824 1116 928 1182 Sacris
974 1117 1158 1206 precipitem
1183 1114 1249 1181 dari
1269 1116 1374 1204 jussit:
1397 1123 1429 1182 at
1453 1115 1481 1202 is
1520 1113 1559 1180 ab

342 1206 440 1274 literis
474 1208 598 1295 egregie
615 1210 796 1289 instructus,
817 1210 927 1274 Diaco-
976 1211 1108 1296 Angelo,
1133 1209 1187 1298 qui
1215 1210 1407 1275 Antoninum
1433 1209 1462 1274 in
1494 1227 1560 1274 ear·

344 1322 404 1368 nus
427 1300 529 1368 lactus
554 1303 612 1368 Dei
636 1302 769 1368 verbum
804 1299 930 1392 praedi·
977 1323 1049 1368 cere
1061 1302 1191 1382 aluerat,
1225 1302 1407 1393 praecipitio
1422 1312 1559 1393 ereptus,

343 1414 416 1461 care
439 1395 544 1484 coepit
572 1415 612 1460 eo
636 1395 763 1484 spiritus
803 1393 928 1475 ardore,
977 1395 1118 1484 Regique
1135 1413 1317 1474 occurrens,
1330 1396 1431 1463 varias
1456 1397 1483 1462 ei
1509 1414 1559 1462 ca·

343 1496 380 1552 ut
402 1486 557 1577 plurimos
580 1486 619 1553 ad
645 1487 800 1554 Christum
825 1487 927 1553 addu-
972 1488 1126 1556 lamitates
1150 1491 1292 1580 impense
1317 1487 1550 1574 denunciavit„

324 1583 422 1647 ¹uerit
435 1633 444 1662 ,
459 1579 555 1646 Deo.
575 1581 670 1648 variis
695 1581 763 1670 ejus
788 1582 928 1648 ministe-
1020 1589 1052 1662 rt.
1078 1581 1284 1650 Desiderium.

341 1673 423 1739 rium
437 1672 596 1740 miraculis
619 1673 857 1764 comprobante.
880 1675 927 1739 Ex
1196 1680 1280 1743 Leot.
1306 1694 1346 1741 vr.

341 1765 461 1854 quihus
485 1765 563 1831 illud
588 1768 713 1854 insigne
737 1765 826 1856 quod
864 1767 927 1833 vir·
972 1722 1160 1835 'Defuncto
1186 1767 1391 1847 Theodorico,
1420 1766 1559 1854 Regulus

342 1880 382 1946 ga
414 1859 518 1927 solum
552 1861 732 1950 percutiens
771 1881 835 1926 non
874 1859 923 1926 siti
971 1859 1099 1949 quidam
1113 1861 1238 1926 nomine
1250 1859 1408 1926 Galcatius
1420 1859 1559 1925 inanium

341 1951 437 2019 modo
461 1952 634 2032 levandae,
659 1953 715 2020 sed
738 1963 771 2020 et
800 1952 926 2020 morbis
973 1956 1109 2020 Deorum
1119 1953 1223 2018 cultor
1238 1949 1561 2018 Antoninumblandi-

340 2044 489 2113 curandis
524 2048 690 2138 copiosum
726 2048 844 2113 sontem
868 2045 927 2114 eli·
976 2047 1034 2124 tiis,
1059 2055 1090 2112 et
1113 2046 1204 2111 minis
1229 2054 1391 2120 tentatum,
1416 2041 1503 2132 quod
1535 2043 1560 2108 i-

216 2165 219 2169 >
340 2140 414 2208 cuit.
975 2137 1122 2212 dolorum
1139 2138 1559 2206 cultumexecrareturcum
1663 2118 1664 2200 i

387 2236 421 2310 d.
444 2232 629 2300 Honestum.
978 2233 1016 2300 iis
1041 2226 1199 2310 omnibus
1225 2252 1307 2320 quos
1332 2230 1398 2319 ipsa
1414 2226 1454 2294 ad
1472 2228 1562 2294 Chri·

569 2326 651 2391 Lect.
676 2343 703 2390 v,
975 2338 1058 2393 stum
1083 2335 1280 2392 converterat
1297 2319 1483 2391 verberibus
1499 2320 1561 2386 lra-
1663 2329 1664 2400 ζ

342 2367 448 2484 Cum
472 2427 579 2484 autem
596 2417 723 2502 Pipinus
738 2436 930 2505 cognomen·
975 2430 1061 2486 ctum
1087 2419 1117 2482 in
1141 2437 1299 2484 carcerem
1323 2414 1464 2480 detrusit.
1497 2412 1560 2480 Sed

338 2521 373 2579 to
398 2511 529 2578 Crassus
553 2530 626 2576 oum
643 2512 674 2576 S.
693 2510 847 2578 hudoeno
865 2513 925 2576 llo·
973 2523 1125 2603 tyrannus
1148 2508 1293 2586 fremens
1312 2505 1557 2596 quodomnium

339 2604 537 2694 thomagensi
554 2605 711 2695 Episcopo
728 2607 858 2672 Romam
870 2625 925 2672 ve·
973 2602 1099 2670 vincula
1123 2600 1163 2668 ab
1189 2601 1308 2688 Angelo
1333 2598 1486 2667 dissoluta
1510 2598 1560 2664 lu·

339 2697 567 2777 nisset,audita
590 2699 689 2788 ipsius
706 2698 798 2776 lama,
823 2697 924 2776 illurn,
971 2697 1087 2774 issent,
1114 2703 1146 2760 et
1185 2692 1335 2761 custodes
1360 2693 1417 2783 ipsi
1444 2691 1560 2780 baptis·
1663 2763 1664 2774 p

339 2812 397 2882 per
431 2790 531 2860 duces
555 2813 633 2859 suos
662 2792 849 2859 accersitum
892 2790 923 2854 in
970 2811 1059 2855 mum
1083 2787 1307 2877 suscepissent,
1321 2785 1450 2854 cosdem
1475 2785 1560 2874 capi-

335 2885 471 2952 Galliam
495 2905 605 2952 secum
622 2882 755 2951 reduxit.
772 2881 925 2972 Bnrdiga·
972 2893 1002 2949 te
1025 2881 1119 2972 plecti
1140 2881 1244 2969 jussit:
1270 2881 1463 2946 Antoninum
1484 2896 1561 2957 vero

337 2976 368 3044 le
384 2998 404 3042 a
419 2974 573 3045 daemone
584 2975 750 3043 obsessum
766 2975 924 3043 hominem
973 2977 1005 3044 in
1030 2974 1126 3041 ollam
1150 2974 1259 3064 liquati
1283 2970 1415 3064 plumbi,
1439 2979 1471 3038 st
1493 2969 1561 3037 sul·
1663 2981 1664 2990 ’

338 3068 492 3147 liberavit,
516 3076 727 3156 aegrotosque
750 3067 861 3159 plures
877 3091 928 3136 sa·
973 3067 1084 3158 phuris
1108 3065 1247 3134 ardentis
1270 3065 1404 3145 immitti,
1430 3061 1487 3129 uhi
1512 3060 1561 3126 di-

340 3162 425 3229 nitati
466 3161 610 3228 restituit.
651 3158 730 3226 Cum
765 3161 797 3227 S.
822 3160 922 3248 Eligio
971 3163 1090 3225 vinitus
1113 3158 1241 3228 illaesus
1265 3157 1561 3245 biduumperman-

338 3252 565 3321 Noviodunum
587 3251 759 3346 proiectus,
785 3252 845 3344 piis
867 3249 924 3317 ad·
970 3254 1020 3318 sit.
1044 3253 1117 3332 Quo
1142 3251 1305 3330 miraculo,
1330 3259 1426 3337 atquo
1463 3245 1561 3313 etiam

339 3345 568 3414 hortationibus
601 3347 718 3415 multos
734 3342 775 3413 ad
800 3344 924 3432 religio·
971 3343 1061 3434 quod
1085 3357 1246 3413 mortuum
1269 3342 1308 3409 ad
1336 3341 1428 3407 vitam
1464 3359 1561 3408 revo-

338 3461 405 3506 sam
421 3441 514 3506 vitam
526 3437 777 3532 amplectendam
789 3435 922 3505 induxit.
969 3447 1082 3517 nasset,
1096 3440 1207 3526 ingens
1231 3439 1428 3523 Paganorum
1452 3432 1562 3499 multi·

338 3530 554 3600 Theudoricus
571 3544 683 3601 autem
707 3529 820 3599 audito·
855 3531 925 3619 ejus
965 3529 1051 3598 ¹tudo
1075 3530 1197 3597 Christo
1222 3548 1337 3596 nomen
1361 3523 1457 3592 dedit.
1473 3526 1561 3605 Qua·
1663 3579 1664 3586 ,

338 3623 463 3705 reditu,
488 3625 560 3692 lacti
583 3625 749 3716 poenitens
783 3647 857 3694 eum
882 3622 924 3691 ad
972 3645 1006 3692 re
1029 3632 1183 3716 tyrannus
1208 3623 1240 3690 in
1263 3619 1403 3688 furorem
1435 3639 1559 3700 versus,

337 3719 543 3798 sevocavit,
577 3729 674 3808 atque
712 3718 925 3786 amantissime
970 3737 1056 3796 eum,
1069 3715 1151 3783 mola
1169 3715 1253 3784 collo
1275 3733 1425 3805 appensa,
1436 3715 1469 3779 in
1494 3711 1558 3779 Ga-

337 3813 467 3904 excopit.
483 3812 541 3881 Cui
558 3822 590 3880 ot
604 3811 827 3902 Episcopatum
844 3810 926 3879 Tho·
972 3831 1118 3876 rumnam
1141 3807 1273 3878 fluvium
1286 3805 1486 3900 praecipitari
1503 3805 1560 3894 ju-

337 3906 483 3975 losanum
509 3902 643 3984 obtulit,
667 3926 764 3993 quem
798 3902 859 3982 ille,
883 3904 926 3971 si·
974 3901 1037 3976 bet,
1061 3901 1116 3971 sed
1143 3903 1227 3970 mola
1249 3899 1341 3992 quasi
1374 3899 1491 3992 cymba
1513 3897 1560 3965 le·
1663 3921 1664 3934 ¹

337 4011 394 4067 cut
418 4011 451 4067 et
465 3997 647 4091 amplissimi
670 3995 813 4064 caenobii
836 4017 928 4085 prae
974 3997 1054 4063 niter
1078 4007 1198 4077 vectus,
1214 4003 1399 4062 accurrente
1415 3991 1561 4081 undique

338 4091 514 4172 lecturam,
554 4100 734 4158 constanter
757 4090 924 4157 recusavit.
971 4089 1103 4180 populo,
1126 4111 1184 4181 per
1205 4086 1411 4177 Evangelium
1434 4085 1560 4151 Christo

337 4181 399 4248 Sed
423 4206 488 4252 non
513 4184 613 4253 multo
636 4193 708 4276 post
731 4183 801 4250 lalsi
817 4183 923 4250 crimi-
970 4180 1124 4273 plurimos
1147 4183 1265 4269 gennit.
1280 4179 1393 4247 lndea
1415 4177 1561 4244 christia-

339 4271 389 4340 nis
398 4288 582 4346 accusatum
599 4279 629 4346 in
646 4278 840 4348 tetemimuur
855 4296 925 4347 car·
971 4275 1021 4344 nis
1044 4285 1173 4368 ereptus
1196 4278 1279 4346 venit
1302 4275 1335 4341 in
1358 4271 1478 4354 locum,
1500 4272 1561 4362 qui
