3584 5034
300 605 366 671 tet
722 605 850 674 FESTA
873 597 1100 674 DECEllElllS

294 727 491 809 quantopere
513 713 641 786 solliciti
675 717 793 786 luerint
827 717 884 785 Sa·
1165 719 1245 788 Lect.
1269 739 1297 798 r.

297 829 426 878 erorum
458 813 631 879 ‘Antistites
670 811 717 880 rel
745 811 883 903 ‘in'ipsis
932 763 1001 879 Et
1024 833 1059 880 re
1083 810 1235 901 quidem
1256 832 1333 886 vere
1374 807 1454 880 banc
1478 812 1520 880 dc

293 902 513 971 ecclesiasticis
536 905 748 974 conventibus
777 905 883 996 palam
932 905 1140 975 Immaculata
1159 905 1363 988 ‚beatissimae
1386 905 1523 994 Virginis

292 994 487 1086 publiceque
526 999 678 1088 profiteri,
721 999 881 1065 sanctissi-
928 989 1342 1089 Conceptione'doctrinam
1379 999 1522 1089 quotidie

291 1111 373 1155 mam
402 1091 455 1158 Dei
492 1091 682 1160 Genitricem
700 1163 705 1173 ‚
723 1093 881 1180 Virginem
931 1093 1029 1182 magis
1054 1093 1239 1181 gravissimo
1265 1091 1424 1161 Ecclesiae
1449 1115 1519 1162 sena

291 1182 417 1248 Mariam
442 1183 484 1250 ob
509 1189 653 1275 praevisa
677 1185 788 1252 Christi
820 1186 884 1252 Do·
932 1206 982 1267 su,
1008 1186 1199 1274 magisterio,
1230 1183 1349 1266 studio,
1389 1187 1521 1274 scientia

293 1277 366 1341 mini
394 1276 609 1368 Redemptoris
650 1281 759 1346 merita
798 1300 880 1344 nun·
927 1299 965 1345 ac
989 1281 1141 1369 sapientia
1157 1278 1404 1370 tanr.splendide
1421 1280 1521 1370 expli-

291 1391 388 1460 quam
412 1372 555 1460 originali
581 1373 779 1462 subjacuisse
807 1393 882 1463 pec·
929 1382 1042 1452 catam,
1067 1369 1269 1454 declaratam,
1304 1371 1522 1440 confirmatam

292 1475 374 1544 cato,
399 1464 456 1531 sed
481 1466 713 1556 pr‘a'eservatam
752 1466 881 1532 omnino
930 1475 963 1532 et
985 1463 1071 1556 apud
1095 1486 1206 1534 omnes
1246 1463 1395 1533 catholici
1435 1465 1522 1534 orbis

192 1643 196 1649 1
293 1557 455 1625 luissenb
478 1560 609 1648 originis
634 1558 716 1639 labe,
741 1569 772 1626 ct
789 1557 882 1623 idcir·
928 1559 1067 1649 populos
1091 1580 1130 1627 ac·
1160 1560 1302 1626 nationes
1342 1559 1522 1627 mirandum

291 1669 331 1717 co
354 1649 530 1718 sublimiori
555 1652 651 1720 modo
677 1651 879 1742 redemptam.
931 1653 963 1718 in
988 1649 1118 1720 modum
1144 1664 1359 1743 propagatam,
1384 1657 1418 1720 in
1453 1655 1523 1744 ipsa

289 1743 415 1824 Quibus
440 1743 516 1811 illud
548 1746 689 1837 prolecto
729 1745 875 1836 gravissi·
923 1745 1064 1813 Ecclesia
1079 1765 1205 1836 semper
1216 1747 1354 1813 extitisse
1378 1745 1477 1815 veluti
1501 1767 1522 1812 a

290 1856 378 1902 mum
403 1846 435 1905 et
458 1839 587 1906 omnino
623 1841 794 1906 maximnm
827 1858 881 1913 ac·
929 1837 1104 1930 majoribus
1127 1848 1299 1930 acceptam,
1324 1860 1362 1906 ac
1397 1839 1521 1907 revela-

289 1929 384 2009 cedit‚
419 1931 519 2021 ipsam
555 1953 688 2024 quoque
727 1931 881 2001 Tridenti·
928 1943 978 2000 tac
1014 1931 1177 2000 doctrinan
1216 1931 1397 2000 charactere
1440 1933 1518 1998 insi·

290 2045 363 2090 nam
381 2026 558 2117 Synodum,
574 2026 878 2115 cumdogmaticnm
925 2027 1053 2116 gnitam‚
1079 2025 1210 2094 illustria
1235 2023 1435 2093 venerandae
1459 2047 1516 2092 an·

290 2114 331 2182 de
354 2130 485 2208 peccato
509 2119 653 2208 originali
687 2119 795 2188 ederet
817 2120 873 2184 de·
920 2119 1072 2210 tiquitatis
1097 2116 1254 2188 Ecclesiae
1278 2118 1448 2200 orientalis
1483 2129 1516 2186 et

289 2222 422 2295 cretum,
439 2235 505 2301 quo
516 2213 874 2301 juxtasacrarumScri-
924 2213 1140 2280 Occidentalis
1161 2221 1368 2280 monumenta
1392 2210 1520 2280 validis-

288 2313 459 2394 pturarum
471 2316 719 2396 sanctorumque
748 2308 875 2374 Petrum
922 2307 1001 2374 sime
1025 2316 1187 2374 testantur.
1214 2304 1372 2396 Equidem
1410 2305 1517 2373 Patres

288 2416 327 2462 ac
343 2417 401 2487 pro
417 2397 650 2466 batissimorum
660 2399 872 2468 Consiliorum
922 2399 1151 2490 Ecclesiaeque
1166 2399 1353 2490 Scriptores,
1373 2398 1517 2468 coelesti-

290 2492 476 2571 testimonia,
520 2496 629 2560 statuit
663 2513 701 2559 ac
724 2492 873 2561 delinivit:
924 2492 985 2561 bos
1008 2493 1112 2560 edocti
1136 2492 1282 2581 eloquiis,
1325 2491 1401 2558 nihil
1432 2492 1513 2557 anti-

290 2582 410 2651 Omnes
434 2578 580 2654 homines
610 2588 695 2654 nasci
729 2586 875 2675 originali¹
921 2587 1017 2677 quius
1051 2585 1202 2665 habuere,
1244 2607 1342 2675 quam
1368 2587 1398 2654 in
1423 2584 1511 2652 libris

164 2739 167 2744 .
289 2678 383 2766 culpa
409 2678 550 2760 inlectos;
575 2691 678 2748 tamen
696 2680 878 2758 solemniter
926 2679 967 2746 ad
991 2677 1194 2767 explicandas
1232 2679 1421 2770 Scripturas,
1446 2678 1515 2746 vin·

289 2767 477 2840 declarasse:
501 2773 571 2839 Non
595 2795 666 2840 esse
680 2795 758 2840 suae
774 2774 874 2840 inten-
921 2770 1057 2842 dicanda
1079 2770 1238 2860 dogmata,
1256 2771 1515 2861 erudiendosque

291 2864 393 2944 tionis,
420 2867 450 2931 in
474 2865 602 2934 decreto
625 2869 695 2955 ipsu
727 2877 877 2956 mutaque
926 2863 1036 2932 fideles
1054 2865 1259 2946 elucubratis,
1275 2888 1432 2934 summam
1451 2865 1519 2932 Vir-

289 2956 479 3026 delinitionis
501 2959 708 3049 amplitudine
732 2979 876 3050 compre·
923 2957 1004 3050 ginis
1028 2960 1233 3039 sanctitatem,
1253 2957 1450 3048 dignitatem,
1468 2968 1518 3025 at·

289 3048 428 3120 bendere
452 3054 573 3122 beatam
591 3065 622 3120 et
640 3054 875 3122 lmmaculatam
924 3074 988 3143 que
1012 3053 1054 3120 ab
1078 3053 1163 3142 omni
1180 3054 1307 3142 ¹peccati
1333 3051 1404 3122 labe
1424 3053 1520 3128 ‚inte-

290 3143 447 3233 Virginem
475 3147 531 3213 Dei
562 3145 749 3213 Genitricem
785 3146 876 3212 llari-
923 3147 1076 3234 gritatem‚
1101 3147 1235 3236 ejusque
1259 3147 1453 3236 praeclaram
1477 3143 1519 3212 de

287 3258 350 3304 am.
377 3240 441 3306 llac
465 3240 548 3307 enim
574 3238 786 3306 declaratione
810 3230 877 3307 Tri·
926 3241 1086 3307 teterrimo
1121 3239 1250 3306 humani
1286 3239 1410 3328 generis
1459 3236 1517 3306 ho-

288 3330 406 3398 dentini
422 3335 537 3413 Patres,
551 3335 649 3424 ipsam
666 3332 878 3400 beatissimam
925 3342 973 3400 ste
1003 3333 1178 3414 victoriam,
1215 3332 1322 3399 multis
1363 3332 1518 3420 mirisque

288 3423 448 3513 Virginem
471 3423 512 3490 ab
536 3426 681 3514 originali
705 3424 775 3492 labe
790 3425 878 3494 solu·
925 3423 1029 3494 modis
1054 3427 1197 3516 certatim
1221 3423 1404 3515 praedicare
1420 3435 1519 3514 atquo

289 3526 364 3597 tam,
396 3540 454 3605 pro
485 3541 591 3586 rerum
633 3528 879 3610 temporumque
927 3517 1071 3588 efferre.-

288 3611 458 3700 adjnnctis,
482 3612 556 3678 satis
580 3615 764 3691 innuerunt,
782 3623 879 3702 atque
971 3616 1004 3692 tl.
1030 3609 1114 3680 Nihil
1138 3613 1352 3702 inquinatum.

288 3703 370 3771 adeo
395 3706 564 3796 perspicue
586 3704 815 3794 significarunt,
836 3704 884 3772 ni·
1170 3708 1253 3774 Lect.
1277 3726 1318 3772 vr.

289 3796 333 3865 bil
358 3820 398 3866 ex
421 3798 538 3866 divinis
569 3799 689 3878 literis,
728 3798 804 3871 nihil
845 3819 886 3865 ex
933 3753 1374 3891 Quapropterenarrantes
1401 3795 1521 3880 uerba,

289 3891 465 3971 traditione,
494 3893 686 3982 Patremque
710 3891 880 3960 auctorita·
929 3891 1047 3984 quibus
1063 3893 1149 3960 Deos
1165 3903 1352 3983 pmeparata
1363 3913 1520 3962 renovan-

291 3987 403 4055 terite
426 3985 529 4054 allerri
545 4007 650 4077 posse,
669 3985 758 4077 quod
774 3995 881 4054 tantae
929 3985 978 4056 dis
1002 3985 1188 4054 mortalibus
1211 4007 1290 4055 suae
1313 3987 1437 4078 pietatis
1472 4006 1521 4053 re-

291 4078 798 4172 Virginispraerogativaequovis
813 4097 882 4148 mo·
929 4078 1033 4148 media
1048 4080 1129 4160 inter
1152 4081 1218 4170 ipsa
1244 4079 1354 4148 mundi
1386 4081 1520 4172 primor-

291 4163 336 4239 do
359 4174 542 4264 refragetur.
931 4170 985 4240 dia
1009 4175 1245 4262 praenuntians
1286 4184 1318 4244 et
1341 4173 1522 4264 deceptoris

339 4265 372 4344 E·
396 4265 463 4357 Ego
486 4289 525 4338 ex
549 4288 606 4338 ore
630 4265 788 4338 altissimi.
930 4269 1088 4358 serpentis
1128 4263 1247 4338 retudit
1285 4266 1450 4338 audaciam
1490 4275 1523 4336 ot
