3584 5034
275 610 395 707 ιιι·
571 638 573 643 ·
736 643 864 710 rnsra
887 605 1135 714 44444444444
1392 587 1395 594 ¹
1573 620 1651 757 l

269 830 273 834 J
301 751 451 823 Diosonri
470 728 597 836 nobilis;
621 752 678 841 sed
695 755 893 865 superstitio·
940 757 1136 848 nequissimo
1145 757 1305 846 genitore
1333 747 1577 854 reportasti

301 846 327 911 si
351 845 488 914 hominis
511 847 587 928 filia,
610 870 668 938 per
683 870 732 928 ea,
750 869 833 936 quae
851 851 898 914 vi·
945 853 1033 929 isset,
1056 850 1126 939 ejus
1148 848 1247 916 latera
1269 847 1440 940 pedibuS,
1450 847 1542 938 dor¹

142 921 145 924 ⁴
192 966 194 971 ·
300 937 402 1005 sibilia
426 939 615 1022 factasunt,
639 939 680 1008 ad
717 942 895 1022 invisibilia,
943 957 1083 1049 sumque
1107 944 1222 1033 pugnis
1236 943 1441 1013 immaniter
1463 943 1549 1033 ρει(

300 1031 407 1100 divina
447 1035 622 1125 opitulante
662 1037 772 1124 gratia,
804 1035 894 1103 facile
920 1037 1052 1112 cussit,
1070 1044 1101 1102 et
1118 1036 1260 1102 crinibus
1282 1059 1340 1126 per
1357 1035 1534 1125 locaaspe-
1642 1020 1654 1135 f

299 1127 452 1214 pervenit
490 1129 693 1220 Quapropter
726 1129 785 1195 soli
815 1129 923 1209 Deo,-
921 1151 989 1210 ·,ra
1005 1127 1291 1220 difficilesqueiia's
1308 1139 1438 1218 raptata,
1456 1130 1537 1195 nar-
1647 1141 1656 1211 J

298 1216 463 1310 rebusque
487 1215 620 1288 divinis
627 1242 740 1289 vacare
780 1223 894 1324 coepit.
943 1223 1035 1289 ciano
1059 1223 1197 1312 praesidi
1222 1220 1441 1313 puniendam
1440 1220 1537 1290 tradi·

297 1313 374 1379 Eam
398 1325 500 1424 pater,
524 1325 636 1404 utpote
659 1316 762 1381 forma
792 1316 894 1382 v'enu-
941 1314 999 1382 dit
1022 1315 1134 1407 Itaque
1150 1314 1215 1383 ab
1207 1336 1278 1407 rpso
1294 1314 1442 1384 omnibus
1465 1315 1535 1384 mo·

228 1478 230 1481 .
292 1405 390 1477 stiori
408 1410 563 1503 nitentem
582 1430 601 1475 a
624 1398 833 1517 quocumque
850 1409 896 1476 vi·
944 1408 1015 1489 dis,
1040 1401 1130 1477 sed
1122 1429 1281 1494 incassum
1306 1415 1446 1491 tentata,
1475 1417 1561 1476 nu·'

297 1496 426 1583 rn'rqm
433 1521 572 1569 occursu
597 1503 709 1572 tutari
740 1500 893 1591 cupiens,
941 1501 1016 1568 dam
1033 1500 1251 1584 nerviscaedi,
1271 1501 1536 1571 inflictavulne'ra

297 1593 377 1674 turri
401 1595 537 1676 inclusit,
562 1593 620 1661 ubi
643 1597 697 1686 pia
722 1596 810 1682 virgo
828 1617 894 1662 me·
940 1594 1065 1692 testulis
1086 1557 1272 1677 confricari,
1284 1582 1422 1663 deinde
1414 1607 1446 1662 ιιι
1463 1617 1533 1664 oar-

204 1730 225 1741 .,
273 1683 516 1769 ditationibus,
540 1698 571 1756 et
586 1685 738 1779 precrbus
754 1687 892 1768 addicta,
940 1710 1048 1757 cerem
1060 1689 1139 1756 trah4
1150 1691 1319 1780 praecept
1332 1688 1408 1755 ubr
1401 1711 1535 1758 rmmen

186 1793 189 1796 ’
257 1799 261 1835 ·.
298 1779 364 1845 soli
382 1781 463 1862 Deo,
483 1804 617 1872 quem
604 1781 698 1868 sibi
689 1804 723 1848 m
739 1785 894 1872 sponsum
941 1805 977 1852 sa
1001 1781 1073 1850 luce
1097 1781 1364 1850 circumdatus
1336 1803 1365 1848 er
1390 1781 1535 1849 Christus

297 1872 467 1975 delegerat
484 1876 611 1966 placere
626 1874 783 1943 studebat.
797 1873 894 1943 Obla-
942 1897 1124 1967 apparens,
1164 1872 1295 1941 mirifice
1323 1871 1537 1942 confortatam

297 1976 329 2034 ta
352 1989 372 2034 a
396 1978 491 2059 patre
508 1970 628 2060 pluries
644 1962 800 2036 nobilium
816 1988 895 2036 con·
940 1971 975 2034 in
998 1969 1183 2058 passionum
1213 1967 1390 2034 tolerantia
1417 1965 1547 2034 confir·

241 2104 243 2108 -
296 2045 396 2151 nubia
419 2062 540 2148 fortiter
562 2063 689 2153 sprevit:
713 2073 802 2169 pater
818 2082 895 2130 uero
940 2062 1047 2128 mavit:
1072 2059 1161 2152 quod
1200 2060 1460 2128 animadvertens
1478 2063 1569 2128 J44-·

262 2200 270 2220 ,-
295 2174 370 2242 par
379 2156 428 2222 sui
452 2156 636 2224 absentiam
648 2155 734 2222 filiae
749 2155 890 2222 animum
937 2155 1022 2222 liaua
1046 2165 1189 2222 matrona
1212 2153 1254 2220 ad
1278 2152 1375 2222 fidem
1399 2173 1537 2222 couver-

297 2265 410 2354 posse
416 2239 540 2338 facilius
563 2249 697 2317 amolliri
714 2238 890 2329 confidens,
939 2269 975 2316 sa
1000 2238 1143 2338 ejusdem
1166 2231 1291 2341 palmae
1306 2247 1464 2338 particeps
1488 2246 1536 2315 ef-

233 2377 248 2409 ,-
294 2341 390 2428 jussit
413 2343 523 2448 primo
542 2329 691 2410 balneum
715 2345 831 2436 extrui,
856 2364 897 2411 ne
944 2341 1026 2430 fecta
1051 2353 1108 2410 est.

233 2454 235 2457 ·
297 2433 377 2521 quid
400 2436 428 2502 ei
453 2433 577 2505 deesset
605 2435 645 2503 ad
685 2421 893 2504 commodita-
985 2444 1019 2534 ιι.
1043 2434 1185 2506 Dilexisti
1204 2419 1371 2524 justitiam

297 2537 384 2608 tem,
413 2527 531 2598 deinde
553 2552 685 2621 peregre
716 2530 748 2596 in
771 2540 895 2623 exteras
1160 2531 1398 2596 Lentu...
1470 2597 1472 2602 ,

296 2625 442 2709 regiones
464 2623 626 2714 profectus
648 2635 706 2692 est.
941 2575 1131 2690 Barbarae
1142 2619 1272 2688 demum
1288 2621 1399 2689 ferreis
1415 2620 1532 2710 ungui·

342 2725 376 2800 ιι.
393 2717 530 2807 Propter
550 2719 723 2810 veritatem.
867 2716 1003 2782 bus
1016 2713 1164 2782 membra
1169 2714 1336 2796 lamantur
1354 2713 1477 2782 fac4bus
1485 2713 1532 2780 la

344 2859 348 2866 -
523 2812 606 2879 Leet.
629 2831 657 2877 v.
937 2821 1005 2878 tera
1016 2808 1241 2890 incenduntur,
1253 2819 1286 2877 et
1304 2766 1460 2890 malleolis
1476 2827 1531 2874 ca-

297 2844 471 2971 Absente
493 2914 584 2995 patre
616 2903 743 2992 jussit
750 2902 889 2970 llarbara
935 2914 994 2996 put
1009 2901 1223 2970 contunditur:
1232 2901 1531 2992 quibusincrucia

297 2991 425 3064 dlrabus
443 2997 619 3078 fenestris,
644 3019 728 3085 quae
752 2998 784 3063 in
808 2996 886 3062 turri
938 2997 1022 3064 trbus
1033 3005 1213 3064 consortem
1223 2995 1398 3076 solabatur
1410 3006 1442 3064 et
1453 2993 1527 3063 hor

286 3100 395 3169 erant,
408 3093 531 3158 ternam
542 3089 656 3156 addun
669 3090 822 3158 honorem
835 3090 888 3155 Di·
934 3090 1071 3170 tabalur,
1096 3099 1132 3155 ut
1155 3088 1195 3156 ad
1212 3088 1309 3157 finem
1324 3109 1432 3179 usque
1448 3106 1527 3159 con-

297 3181 388 3275 vinae
400 3184 569 3266 Trinitatis,
582 3183 768 3294 labiumque
781 3181 885 3250 balnei
934 3193 1052 3252 stanter
1063 3192 1206 3250 certaret
1230 3179 1528 3252 Praecisistandem

294 3288 516 3383 sacrosanctae
540 3281 646 3345 crucis
669 3278 776 3367 signo
771 3275 887 3342 muni·
935 3277 1063 3366 utrique
1080 3274 1244 3358 uberibus,
1259 3275 1364 3343 nudae
1381 3297 1439 3366 per
1457 3274 1530 3342 loca

295 3369 448 3459 ri,·quod
471 3370 527 3438 ubi
553 3370 677 3440 rediens
715 3372 885 3438 Dioscorus
933 3369 1063 3464 publica
1086 3380 1215 3449 tractae,
1240 3369 1343 3460 capite
1369 3367 1542 3476 'plectens

233 3473 236 3478 ’
294 3462 440 3552 inspexit,
464 3463 572 3547 audita
606 3465 752 3531 novitatis
775 3484 883 3544 causa,
933 3475 995 3543 tur,
1020 3462 1169 3552 filiaeque
1193 3465 1348 3531 cervicem
1367 3463 1435 3551 ipse
1457 3481 1529 3528 sce·

293 3552 402 3622 adeo
393 3580 427 3623 ιιι
443 3555 540 3622 filiam
555 3541 735 3640 excandui43
754 3567 789 3623 ut
812 3557 885 3623 stri·
931 3557 1119 3625 festissimus
1150 3569 1239 3647 pater
1253 3554 1458 3624 humanitatis
1473 3576 1529 3622 ex-

294 3658 348 3716 oto
372 3669 449 3719 case
472 3671 543 3717 eam
566 3662 745 3741 appetens,
770 3671 887 3740 parum
933 3672 1007 3743 pers
991 3673 1163 3812 gproprus
1181 3649 1326 3718 manibus
1342 3651 1527 3739 amputavit:

294 3741 442 3826 abfuerit,
467 3742 545 3834 quin
562 3765 631 3811 eam
648 3741 888 3811 direonnfode-
936 3746 1012 3834 cuju
1055 3745 1120 3811 fera
1145 3743 1317 3813 crudelitas
1341 3764 1405 3810 non
1422 3740 1529 3809 diui-

295 3847 351 3904 ret:
383 3797 442 3906 serf
480 3848 608 3928 praesto
648 3835 749 3914 adfuit
790 3839 885 3905 Deus
933 3840 1023 3906 nulla
1061 3829 1226 3906 remansit:
1244 3859 1317 3904 nam
1356 3835 1460 3904 statim
1485 3856 1526 3904 eo

296 3953 370 3998 uam
410 3931 543 4021 fugienti
581 3928 738 3999 Barbarae
773 3953 885 3998 saxum
933 3932 1059 4022 ipsein
1085 3930 1158 3999 loco
1182 3931 1332 3998 fulmine
1350 3950 1525 4020 percussus

296 4023 406 4112 ingens
441 4048 477 4094 se
510 4025 703 4115 patefaciens
737 4024 819 4092 viam
850 4046 884 4090 a·
931 4025 1055 4094 interiit.
1080 4025 1204 4116 Corpus
1216 4023 1312 4116 buJus
1323 4025 1527 4091 Beatissimae

297 4121 424 4205 peruit,
448 4141 507 4211 per
531 4139 629 4227 quam
663 4118 781 4186 montis
803 4117 890 4185 fasti·
937 4119 1071 4210 Virginis
1095 4121 1239 4188 lustinus
1263 4120 1447 4208 Imperator,
1472 4114 1528 4180 Ni-

296 4209 384 4294 gium
407 4225 525 4302 petere,
549 4224 581 4280 et
603 4212 637 4280 in
661 4232 761 4302 specu
788 4211 886 4280 latere
933 4213 1079 4281 comedia
1103 4213 1280 4293 auferens,
1305 4207 1527 4278 Constantino·
1548 4282 1551 4288 ¹

295 4303 407 4390 potuit:
431 4304 488 4374 sed
522 4306 618 4395 paulo
657 4315 730 4397 post
768 4321 886 4374 cuma
932 4306 1030 4397 polim
1046 4307 1184 4399 primum
1203 4313 1398 4395 transportat
1401 4301 1434 4369 rt
1441 4299 1528 4370 Illud
