3584 5034
606 601 618 648 π
726 540 1152 672 rnsrlrnennlnn¹
1243 629 1249 642 ·
1466 603 1551 668 ro¹
1614 646 1621 663 .

191 791 196 802 1
366 706 369 713 ’
425 729 427 734 ’
914 709 1090 781 declinare:
1108 731 1196 781 -cnm
1220 723 1327 782 autem
1351 717 1430 782 ase
1454 711 1510 782 do·
1604 780 1614 805 ,

285 753 340 870 ln
357 802 644 894 legepraeceptum
655 811 731 886 erat,
746 812 781 872 nt
792 823 869 873 oon·
918 805 1053 878 finitum
1068 815 1194 898 tempus
1218 808 1286 898 ipse
1315 804 1510 886 adduxisset,
1638 839 1643 848 ·

233 973 237 983 ⁴
284 897 490 966 stituerentur
505 897 646 966 civitates
663 897 869 988 refugiorum
920 897 952 965 in
977 921 1045 988 qno
1060 899 1267 992 corporaliter
1281 920 1341 991 pro
1365 897 1514 967 omnibus

285 1001 331 1071 ut,
346 991 412 1081 'qui
437 988 742 1081 quomodocumque
761 990 801 1058 ad
819 1011 876 1058 ne·
921 993 986 1081 pati
1012 989 1151 1076 volebat,
1175 995 1260 1060 ultro
1283 993 1424 1083 seipsum
1452 1003 1515 1060 tra-

284 1103 355 1152 cem
387 1094 625 1175 quaererentur,
658 1086 775 1152 serrari
799 1103 876 1175 pos·
922 1084 1004 1154 didit
1019 1083 1247 1154 insidiantibus.
1265 1085 1298 1160 d.
1316 1087 1374 1154 llic
1390 1096 1439 1155 est
1454 1097 1513 1154 ctc.

283 1188 363 1245 sent.
388 1178 424 1244 ln
441 1179 680 1245 consumatione
691 1171 788 1268 porro
805 1199 875 1245 sae·
1171 1182 1253 1249 Lect.
1276 1198 1319 1247 rx.

284 1270 433 1338 culorum
473 1293 549 1338 cnm
580 1268 760 1338 advenisset
794 1269 874 1336 illud
926 1223 995 1337 At
1017 1291 1096 1340 vero
1120 1271 1226 1339 Sancti
1251 1273 1412 1358 homines,
1437 1293 1513 1342 com

282 1364 389 1454 ipsum
428 1362 568 1431 Verbum
619 1363 747 1445 Patris,
787 1362 876 1452 quod
923 1361 1006 1431 banc
1030 1366 1163 1456 qnoque
1180 1367 1314 1434 formam
1338 1366 1542 1450 aSaluatos

281 1455 383 1549 Moysi
399 1464 491 1523 antea
508 1456 651 1523 loentum
668 1455 780 1535 luerat,
804 1477 874 1522 rur·
921 1478 957 1524 re
990 1456 1157 1526 didicisent
1180 1456 1246 1549 (ab
1271 1461 1340 1551 ipso
1363 1460 1459 1540 enim,
1483 1467 1516 1527 et

282 1570 339 1618 sus
363 1549 424 1616 boo
448 1559 655 1641 praeceptum
673 1547 767 1616 dedit:
793 1547 874 1615 Cum
922 1559 1024 1630 antea,
1055 1562 1087 1619 et
1116 1573 1243 1644 semper
1274 1558 1385 1620 omnes
1416 1551 1514 1620 doce-

282 1661 352 1724 vos,
376 1643 543 1733 inquiens,
569 1642 726 1734 persecuti
757 1641 873 1708 iu'erint
918 1640 1060 1734 bantur)
1092 1639 1250 1714 adversus
1289 1656 1514 1738 persecutores

281 1736 463 1804 incivitate
497 1735 565 1816 ista,
592 1735 690 1823 fugite
713 1736 744 1800 in
768 1734 871 1801 aliam.
920 1745 956 1801 nt
986 1736 1122 1824 legitime
1146 1750 1313 1820 certarent,
1339 1739 1513 1828 fugiebant,

280 1829 448 1922 Pauloque
469 1835 543 1928 pos't
566 1827 702 1918 subjicit:
723 1828 804 1895 Cum
829 1829 876 1895 vi·
922 1837 955 1894 et
977 1827 1018 1895 ab
1043 1830 1103 1896 illis
1127 1834 1260 1918 quaesiti
1285 1856 1321 1900 se
1336 1831 1513 1900 absconde·

279 1923 389 1993 deritis
412 1923 497 1989 illam
521 1921 789 1989 abominationem
818 1917 874 1988 de·
922 1919 1007 1988 bant.
1025 1920 1103 1990 Cum
1122 1924 1205 1990 enirn
1223 1925 1396 2016 praestituti
1418 1925 1518 1994 sibit

281 2015 455 2100 solationis‚
483 2035 567 2106 quae
585 2015 669 2082 dicta
683 2024 732 2082 est
746 2036 803 2105 per
814 2015 877 2082 Da·
924 2013 1030 2082 divina
1066 2016 1265 2106 providentia
1290 2009 1455 2108 'temporis
1479 2013 1517 2083 li·

281 2109 398 2187 nielem
423 2109 623 2199 prophetam,
652 2108 876 2175 consistentem
923 2129 996 2195 nem
1021 2109 1227 2198 ignorarent,
1253 2110 1402 2179 nolebant
1441 2111 1516 2178 insi-

281 2203 313 2270 in
339 2202 411 2273 loco
435 2212 556 2281 sancto,
581 2198 662 2290 (qui
686 2201 761 2290 legit
784 2199 873 2268 intel-
916 2199 1084 2270 diantibus
1107 2225 1142 2272 se
1166 2215 1284 2274 temere
1300 2203 1442 2272 traderez·
1457 2203 1515 2272 sed

282 2293 384 2388 ligat)
409 2304 486 2361 tunc
510 2295 566 2385 qni
590 2293 623 2360 in
646 2293 767 2361 iudaea
787 2303 871 2374 sunt,
919 2305 1041 2378 contra,
1066 2317 1141 2366 cum
1175 2299 1292 2368 scirent
1315 2296 1403 2388 quod
1437 2298 1516 2364 scri-

282 2387 406 2479 fugiant
419 2386 461 2455 ad
477 2399 610 2456 montes:
625 2397 657 2458 et
672 2387 727 2478 qni
744 2387 775 2453 in
792 2396 875 2455 teoto
923 2398 1014 2477 ptum
1038 2399 1096 2472 est,
1121 2393 1152 2457 in
1176 2392 1324 2460 manibus
1354 2391 1410 2459 Dei
1445 2411 1517 2459 esse

277 2493 339 2566 est,
363 2503 405 2552 ne
428 2479 601 2551 descendat
617 2480 729 2550 tollere
754 2477 872 2570 aliquid
923 2479 1088 2550 bominum
1125 2496 1248 2564 sortes,
1272 2494 1305 2552 et
1342 2484 1515 2553 Dominum

282 2573 323 2645 de
346 2574 444 2644 domo
460 2597 529 2662 sna,
545 2585 576 2643 et
592 2575 648 2666 qui
668 2575 706 2650 ,in
721 2593 798 2663 agro
815 2583 873 2655 est,
922 2573 1125 2658 mortificare,
1148 2587 1181 2643 et
1205 2577 1387 2656 vivificare3
1410 2575 1517 2666 potins

276 2687 346 2737 ¹trttn
383 2679 561 2739 revertatur
590 2669 702 2736 tollere
735 2666 875 2735 tunicam
921 2666 954 2732 in
979 2664 1076 2733 finem
1115 2690 1220 2758 usque
1259 2667 1516 2759 perseverabant,

280 2781 382 2831 suam.
406 2771 439 2849 d.
463 2762 590 2830 Corona
612 2781 710 2828 aurea
733 2771 793 2828 etc.
922 2759 1171 2842 circumeuntes,
1195 2771 1231 2828 ut
1253 2762 1297 2829 ait
1315 2760 1516 2851 ,Apostolum

510 2854 594 2948 Leot.
616 2871 683 2918 rnr.
923 2853 955 2919 in
982 2852 1116 2937 melotis,
1140 2867 1172 2922 et
1194 2852 1333 2946 pellibus
1355 2853 1517 2945 caprinis,

282 2903 406 3016 Haec
429 2963 504 3013 com
527 2945 644 3012 scirent
659 2942 775 3026 Sancti,
792 2943 877 3033 ejus·
923 2950 1064 3035 egentes,
1087 2949 1266 3038 angustiati,
1290 2949 1322 3016 in
1338 2947 1517 3016 solitudini·
1545 2953 1549 2965 ’

281 3031 375 3108 modi
401 3047 572 3107 tennerunt
594 3058 672 3106 suae
706 3033 883 3106 conversa-¹
923 3037 987 3106 bns
1008 3051 1161 3125 errantes,
1185 3052 1218 3112 et
1240 3043 1272 3111 in
1287 3042 1459 3135 speluncis,
1484 3051 1518 3109 et

283 3134 377 3202 tionis
389 3132 576 3200 institutum.
587 3133 678 3214 Quae
689 3131 773 3200 enim
789 3151 876 3200 nunc
924 3135 1068 3202 cavernis
1092 3146 1195 3205 terrae
1217 3132 1377 3215 latentes,
1408 3132 1516 3223 quoad

281 3226 444 3320 praecepit
465 3225 632 3308 Dominus,
656 3223 769 3294 eadem
793 3243 875 3315 qno-
922 3225 972 3295 rel
998 3225 1167 3296 delinitum
1190 3230 1301 3297 mortis
1317 3238 1444 3318 tempus
1462 3247 1517 3296 ve-

284 3342 349 3412 qne
371 3330 446 3390 ante
460 3331 564 3388 'suum
589 3319 622 3386 in
646 3327 741 3386 ca‘rnc
758 3315 876 3385 adven'-
921 3320 1013 3397 niret,
1037 3321 1087 3389 vel
1113 3321 1170 3409 qui
1193 3332 1320 3413 tempus
1336 3322 1441 3414 ipsum
1457 3318 1536 3392 de?

282 3423 352 3482 tum
366 3413 495 3482 locutus
512 3422 561 3483 est
576 3414 608 3480 in
624 3411 755 3480 Sanctis:
770 3420 802 3478 et
814 3407 875 3478 boc
923 3409 1047 3479 linierat
1070 3412 1170 3495 Dens,
1194 3435 1269 3484 cum
1293 3415 1340 3483 cis
1368 3414 1518 3505 loqnere·

282 3506 460 3576 institutum
485 3505 629 3576 homines
651 3503 693 3574 ad
709 3503 876 3594 perfecte
925 3514 988 3586 tur,
1013 3514 1045 3573 er
1067 3505 1250 3578 insidiantes
1266 3507 1439 3587 colaberet,
1461 3514 1518 3576 aut

283 3619 358 3667 nem
381 3599 480 3669 ducit.
505 3603 586 3669 Nam
601 3598 689 3690 quod
708 3597 875 3686 Deusjus·
921 3607 1008 3666 certe
1036 3603 1298 3692 persecutoribus
1322 3622 1379 3670 eos
1414 3596 1517 3665 trade-

284 3693 376 3772 serit,
401 3693 434 3760 id
457 3695 587 3763 omnino
612 3689 793 3760 iaciendum
816 3699 874 3757 est.
922 3700 980 3767 ret,
1005 3703 1183 3786 utcumque
1206 3696 1249 3763 illi
1273 3693 1455 3788 placuisset
1502 3718 1504 3729 ·

284 3779 431 3876 ldeoqne
452 3798 486 3855 et
500 3789 602 3879 ipsum
632 3784 773 3853 Verbum
799 3803 874 3874 pro·
969 3786 1012 3854 Te
1036 3787 1139 3857 Deum
1163 3787 1344 3858 laudamus.

284 3888 359 3971 pter
380 3897 440 3946 nos
464 3879 562 3948 bomo
585 3880 715 3958 iactum,
741 3896 805 3942 non
829 3877 878 3954 in·
1204 3889 1247 3935 -·.
1348 3878 1352 3884 “

286 3971 420 4062 dignum
442 3974 575 4064 putavit,
599 3991 674 4038 cum
709 3989 879 4060 quaerere-
1158 3977 1229 4044 Dlll
1254 3977 1307 4068 o„

285 4075 348 4147 tur,
381 4063 655 4146 quemadmodum
679 4072 712 4132 et
734 4083 793 4130 nos
822 4063 879 4130 ab·
1010 4069 1058 4134 'S.
1082 4069 1191 4136 Lnncn
1215 4069 1299 4134 Erre.
1325 4065 1418 4133 conr.

285 4156 442 4228 scandere
466 4159 569 4239 seret
591 4178 665 4225 cnm
681 4157 877 4248 persecutio·
1024 4163 1062 4228 In
1085 4152 1210 4230 civitate
1233 4161 1318 4250 dcpl.
1341 4161 1417 4249 maj.

286 4273 359 4323 nem
383 4245 554 4344 pateretur,
570 4252 691 4344 lugere,
707 4260 739 4320 et
750 4247 877 4319 insidias
1026 4255 1064 4321 In
1087 4252 1206 4334 diocesi
1227 4253 1311 4345 dupl.
1336 4253 1422 4318 rain:
1541 4278 1545 4286 ·
