<?xml version="1.0" encoding="UTF-8"?>
<!DOCTYPE html PUBLIC "-//W3C//DTD XHTML 1.0 Transitional//EN"
    "http://www.w3.org/TR/xhtml1/DTD/xhtml1-transitional.dtd">
<html xmlns="http://www.w3.org/1999/xhtml" xml:lang="en" lang="en">
 <head>
  <title>
</title>
<meta http-equiv="Content-Type" content="text/html;charset=utf-8" />
  <meta name='ocr-system' content='tesseract 3.04.00' />
  <meta name='ocr-capabilities' content='ocr_page ocr_carea ocr_par ocr_line ocrx_word'/>
</head>
<body>
  <div class='ocr_page' id='page_1' title='image "./officiasanctoru00churgoog/officiasanctoru00churgoog_0146.png"; bbox 0 0 3584 5034; ppageno 0'>
   <div class='ocr_carea' id='block_1_1' title="bbox 321 610 1052 705">
    <p class='ocr_par' dir='ltr' id='par_1_1' title="bbox 321 610 1052 705">
     <span class='ocr_line' id='line_1_1' title="bbox 321 610 1052 705; baseline -0.003 -4"><span class='ocrx_word' id='word_1_1' title='bbox 321 636 384 704; x_wconf 81' lang='lat' dir='ltr'><strong>teo</strong></span> <span class='ocrx_word' id='word_1_2' title='bbox 747 610 762 680; x_wconf 85' lang='lat'><strong>-&#39;</strong></span> <span class='ocrx_word' id='word_1_3' title='bbox 797 633 925 703; x_wconf 76' lang='lat' dir='ltr'><strong>nnsrn</strong></span> <span class='ocrx_word' id='word_1_4' title='bbox 947 632 1052 705; x_wconf 77' lang='lat' dir='ltr'><strong>turn</strong></span> 
     </span>
    </p>
   </div>
   <div class='ocr_carea' id='block_1_2' title="bbox 311 743 1614 1945">
    <p class='ocr_par' dir='ltr' id='par_1_2' title="bbox 311 743 1614 1945">
     <span class='ocr_line' id='line_1_2' title="bbox 406 743 1545 837; baseline 0.008 -30"><span class='ocrx_word' id='word_1_5' title='bbox 406 800 409 807; x_wconf 79' lang='grc'>,</span> <span class='ocrx_word' id='word_1_6' title='bbox 479 746 529 814; x_wconf 83' lang='lat' dir='ltr'><strong>Ad</strong></span> <span class='ocrx_word' id='word_1_7' title='bbox 548 744 735 817; x_wconf 74' lang='lat' dir='ltr'><strong><em>Benedictus</em></strong></span> <span class='ocrx_word' id='word_1_8' title='bbox 953 763 1063 828; x_wconf 84' lang='lat' dir='ltr'><strong>suum,</strong></span> <span class='ocrx_word' id='word_1_9' title='bbox 1087 753 1120 813; x_wconf 94' lang='lat' dir='ltr'><strong>et</strong></span> <span class='ocrx_word' id='word_1_10' title='bbox 1141 743 1299 837; x_wconf 79' lang='lat' dir='ltr'><strong>percussit</strong></span> <span class='ocrx_word' id='word_1_11' title='bbox 1320 766 1432 837; x_wconf 89' lang='lat' dir='ltr'><strong>aquas,</strong></span> <span class='ocrx_word' id='word_1_12' title='bbox 1449 752 1482 816; x_wconf 90' lang='lat' dir='ltr'><strong>et</strong></span> <span class='ocrx_word' id='word_1_13' title='bbox 1496 746 1545 815; x_wconf 87' lang='lat' dir='ltr'><strong>di-</strong></span> 
     </span>
     <span class='ocr_line' id='line_1_3' title="bbox 363 837 1543 928; baseline 0.003 -23"><span class='ocrx_word' id='word_1_14' title='bbox 363 837 486 928; x_wconf 77' lang='lat' dir='ltr'><strong>Antt&#39;plt,</strong></span> <span class='ocrx_word' id='word_1_15' title='bbox 510 838 594 906; x_wconf 84' lang='lat' dir='ltr'><strong>Elias</strong></span> <span class='ocrx_word' id='word_1_16' title='bbox 610 839 705 909; x_wconf 92' lang='lat' dir='ltr'><strong>homo</strong></span> <span class='ocrx_word' id='word_1_17' title='bbox 729 848 797 909; x_wconf 87' lang='lat' dir='ltr'><strong>erat</strong></span> <span class='ocrx_word' id='word_1_18' title='bbox 820 840 907 907; x_wconf 88' lang='lat' dir='ltr'><strong>simi·</strong></span> <span class='ocrx_word' id='word_1_19' title='bbox 952 841 1040 907; x_wconf 86' lang='lat' dir='ltr'><strong>visae</strong></span> <span class='ocrx_word' id='word_1_20' title='bbox 1063 850 1148 917; x_wconf 89' lang='lat' dir='ltr'><strong>sunt,</strong></span> <span class='ocrx_word' id='word_1_21' title='bbox 1171 850 1204 907; x_wconf 89' lang='lat' dir='ltr'><strong>et</strong></span> <span class='ocrx_word' id='word_1_22' title='bbox 1227 841 1419 909; x_wconf 82' lang='lat' dir='ltr'><strong>transierunt</strong></span> <span class='ocrx_word' id='word_1_23' title='bbox 1447 837 1543 909; x_wconf 92' lang='lat' dir='ltr'><strong>ambo</strong></span> 
     </span>
     <span class='ocr_line' id='line_1_4' title="bbox 317 932 1338 1024; baseline -0.001 -24"><span class='ocrx_word' id='word_1_24' title='bbox 317 933 356 1000; x_wconf 90' lang='lat' dir='ltr'><strong>lis</strong></span> <span class='ocrx_word' id='word_1_25' title='bbox 380 932 471 1000; x_wconf 87' lang='lat' dir='ltr'><strong>nobis</strong></span> <span class='ocrx_word' id='word_1_26' title='bbox 501 932 671 1023; x_wconf 89' lang='lat' dir='ltr'><strong>passibilis,</strong></span> <span class='ocrx_word' id='word_1_27' title='bbox 696 944 728 1003; x_wconf 87' lang='lat' dir='ltr'><strong>et</strong></span> <span class='ocrx_word' id='word_1_28' title='bbox 762 937 907 1001; x_wconf 87' lang='lat' dir='ltr'><strong>oratione</strong></span> <span class='ocrx_word' id='word_1_29' title='bbox 951 954 1010 1024; x_wconf 90' lang='lat' dir='ltr'><strong>per</strong></span> <span class='ocrx_word' id='word_1_30' title='bbox 1032 932 1163 1000; x_wconf 86' lang='lat' dir='ltr'><strong>siccum.</strong></span> <span class='ocrx_word' id='word_1_31' title='bbox 1334 948 1338 955; x_wconf 86' lang='grc'><strong>’</strong></span> 
     </span>
     <span class='ocr_line' id='line_1_5' title="bbox 311 1025 1472 1118; baseline 0.001 -23"><span class='ocrx_word' id='word_1_32' title='bbox 311 1028 426 1107; x_wconf 81' lang='lat' dir='ltr'><strong>oravit,</strong></span> <span class='ocrx_word' id='word_1_33' title='bbox 463 1035 504 1095; x_wconf 86' lang='lat' dir='ltr'><strong>ut</strong></span> <span class='ocrx_word' id='word_1_34' title='bbox 543 1046 608 1093; x_wconf 92' lang='lat' dir='ltr'><strong>non</strong></span> <span class='ocrx_word' id='word_1_35' title='bbox 647 1027 770 1116; x_wconf 75' lang='lat' dir='ltr'>plueret</span> <span class='ocrx_word' id='word_1_36' title='bbox 810 1048 908 1118; x_wconf 88' lang='lat' dir='ltr'><strong>super</strong></span> <span class='ocrx_word' id='word_1_37' title='bbox 1064 1025 1168 1115; x_wconf 80' lang='lat' dir='ltr'><strong>Cupit.</strong></span> <span class='ocrx_word' id='word_1_38' title='bbox 1308 1028 1393 1095; x_wconf 82' lang='lat' dir='ltr'><strong>Eeel.</strong></span> <span class='ocrx_word' id='word_1_39' title='bbox 1419 1029 1472 1097; x_wconf 79' lang='lat' dir='ltr'><strong>tt.</strong></span> 
     </span>
     <span class='ocr_line' id='line_1_6' title="bbox 316 1072 1543 1211; baseline 0.003 -24"><span class='ocrx_word' id='word_1_40' title='bbox 316 1129 441 1199; x_wconf 85' lang='lat' dir='ltr'><strong>terram,</strong></span> <span class='ocrx_word' id='word_1_41' title='bbox 466 1128 498 1185; x_wconf 87' lang='lat' dir='ltr'><strong>et</strong></span> <span class='ocrx_word' id='word_1_42' title='bbox 522 1138 584 1185; x_wconf 92' lang='lat' dir='ltr'><strong>non</strong></span> <span class='ocrx_word' id='word_1_43' title='bbox 601 1121 684 1211; x_wconf 86' lang='lat' dir='ltr'><strong>pluit</strong></span> <span class='ocrx_word' id='word_1_44' title='bbox 706 1140 806 1187; x_wconf 90' lang='lat' dir='ltr'><strong>annos</strong></span> <span class='ocrx_word' id='word_1_45' title='bbox 829 1124 908 1200; x_wconf 76' lang='lat' dir='ltr'><strong>tres,</strong></span> <span class='ocrx_word' id='word_1_46' title='bbox 956 1072 1095 1186; x_wconf 77' lang='lat' dir='ltr'><strong>Verbo</strong></span> <span class='ocrx_word' id='word_1_47' title='bbox 1121 1118 1242 1186; x_wconf 81' lang='lat' dir='ltr'>Domini</span> <span class='ocrx_word' id='word_1_48' title='bbox 1281 1121 1440 1188; x_wconf 78' lang='lat' dir='ltr'><strong>continuit</strong></span> <span class='ocrx_word' id='word_1_49' title='bbox 1469 1142 1543 1191; x_wconf 84' lang='lat' dir='ltr'><strong>coe·</strong></span> 
     </span>
     <span class='ocr_line' id='line_1_7' title="bbox 314 1211 1544 1302; baseline 0.002 -23"><span class='ocrx_word' id='word_1_50' title='bbox 314 1224 347 1279; x_wconf 88' lang='lat' dir='ltr'><strong>et</strong></span> <span class='ocrx_word' id='word_1_51' title='bbox 369 1233 494 1279; x_wconf 90' lang='lat' dir='ltr'><strong>menses</strong></span> <span class='ocrx_word' id='word_1_52' title='bbox 518 1232 581 1279; x_wconf 86' lang='lat' dir='ltr'><strong>sex.</strong></span> <span class='ocrx_word' id='word_1_53' title='bbox 607 1215 656 1281; x_wconf 57' lang='lat' dir='ltr'><strong>llt&#39;</strong></span> <span class='ocrx_word' id='word_1_54' title='bbox 684 1236 810 1282; x_wconf 87' lang='lat' dir='ltr'><strong>rursum</strong></span> <span class='ocrx_word' id='word_1_55' title='bbox 836 1234 908 1279; x_wconf 89' lang='lat' dir='ltr'><strong>ora·</strong></span> <span class='ocrx_word' id='word_1_56' title='bbox 953 1213 1032 1292; x_wconf 91' lang='lat' dir='ltr'><strong>lum,</strong></span> <span class='ocrx_word' id='word_1_57' title='bbox 1057 1222 1089 1279; x_wconf 89' lang='lat' dir='ltr'><strong>et</strong></span> <span class='ocrx_word' id='word_1_58' title='bbox 1112 1211 1228 1302; x_wconf 82' lang='lat' dir='ltr'><strong>dejecit</strong></span> <span class='ocrx_word' id='word_1_59' title='bbox 1257 1212 1361 1301; x_wconf 83' lang='lat' dir='ltr'><strong>ignem</strong></span> <span class='ocrx_word' id='word_1_60' title='bbox 1402 1228 1458 1283; x_wconf 89' lang='lat' dir='ltr'><strong>ter:</strong></span> <span class='ocrx_word' id='word_1_61' title='bbox 1497 1216 1544 1283; x_wconf 89' lang='lat' dir='ltr'><strong>sio</strong></span> 
     </span>
     <span class='ocr_line' id='line_1_8' title="bbox 315 1304 1545 1398; baseline 0.002 -25"><span class='ocrx_word' id='word_1_62' title='bbox 315 1306 369 1385; x_wconf 88' lang='lat' dir='ltr'><strong>vit,</strong></span> <span class='ocrx_word' id='word_1_63' title='bbox 394 1316 434 1373; x_wconf 89' lang='lat' dir='ltr'><strong>et&#39;</strong></span> <span class='ocrx_word' id='word_1_64' title='bbox 450 1306 575 1373; x_wconf 90' lang='lat' dir='ltr'><strong>coelum</strong></span> <span class='ocrx_word' id='word_1_65' title='bbox 599 1306 686 1375; x_wconf 87' lang='lat' dir='ltr'><strong>dedit</strong></span> <span class='ocrx_word' id='word_1_66' title='bbox 700 1308 852 1398; x_wconf 85' lang='lat' dir='ltr'><strong>pluviam,</strong></span> <span class='ocrx_word' id='word_1_67' title='bbox 877 1316 910 1373; x_wconf 89' lang='lat' dir='ltr'><strong>et</strong></span> <span class='ocrx_word' id='word_1_68' title='bbox 955 1304 1166 1396; x_wconf 85' lang='lat' dir='ltr'><strong>amplificatus</strong></span> <span class='ocrx_word' id='word_1_69' title='bbox 1190 1316 1239 1374; x_wconf 88' lang='lat' dir='ltr'><strong>est</strong></span> <span class='ocrx_word' id='word_1_70' title='bbox 1264 1306 1348 1373; x_wconf 87' lang='lat' dir='ltr'><strong>Elias</strong></span> <span class='ocrx_word' id='word_1_71' title='bbox 1371 1308 1402 1374; x_wconf 90' lang='lat' dir='ltr'><strong>m</strong></span> <span class='ocrx_word' id='word_1_72' title='bbox 1418 1308 1545 1375; x_wconf 87' lang='lat' dir='ltr'><strong>mirabi-</strong></span> 
     </span>
     <span class='ocr_line' id='line_1_9' title="bbox 315 1392 1361 1467; baseline 0 0"><span class='ocrx_word' id='word_1_73' title='bbox 315 1409 399 1467; x_wconf 89' lang='lat' dir='ltr'><strong>terra</strong></span> <span class='ocrx_word' id='word_1_74' title='bbox 422 1399 511 1467; x_wconf 86' lang='lat' dir='ltr'>dedit</span> <span class='ocrx_word' id='word_1_75' title='bbox 533 1401 673 1467; x_wconf 86' lang='lat' dir='ltr'><strong>lruotum</strong></span> <span class='ocrx_word' id='word_1_76' title='bbox 698 1418 803 1467; x_wconf 81' lang='lat' dir='ltr'><strong>suum.</strong></span> <span class='ocrx_word' id='word_1_77' title='bbox 953 1399 1039 1467; x_wconf 85' lang='lat' dir='ltr'><strong>libus</strong></span> <span class='ocrx_word' id='word_1_78' title='bbox 1063 1401 1141 1467; x_wconf 88' lang='lat' dir='ltr'><strong>suis.</strong></span> <span class='ocrx_word' id='word_1_79' title='bbox 1350 1392 1361 1404; x_wconf 71' lang='grc'>”</span> 
     </span>
     <span class='ocr_line' id='line_1_10' title="bbox 570 1492 1544 1584; baseline 0 -23"><span class='ocrx_word' id='word_1_80' title='bbox 570 1494 678 1563; x_wconf 79' lang='lat' dir='ltr'><em>Oratio</em></span> <span class='ocrx_word' id='word_1_81' title='bbox 736 1560 738 1565; x_wconf 79' lang='grc'><strong>,</strong></span> <span class='ocrx_word' id='word_1_82' title='bbox 1003 1499 1035 1569; x_wconf 79' lang='lat' dir='ltr'><strong>tt.</strong></span> <span class='ocrx_word' id='word_1_83' title='bbox 1059 1494 1105 1560; x_wconf 79' lang='lat' dir='ltr'><strong>br.</strong></span> <span class='ocrx_word' id='word_1_84' title='bbox 1130 1494 1177 1559; x_wconf 79' lang='lat' dir='ltr'><strong>lu</strong></span> <span class='ocrx_word' id='word_1_85' title='bbox 1203 1495 1297 1582; x_wconf 82' lang='lat' dir='ltr'><strong>ungis</strong></span> <span class='ocrx_word' id='word_1_86' title='bbox 1321 1494 1422 1584; x_wconf 82' lang='lat' dir='ltr'><strong>Reges</strong></span> <span class='ocrx_word' id='word_1_87' title='bbox 1448 1492 1471 1537; x_wconf 80' lang='lat'>*</span> <span class='ocrx_word' id='word_1_88' title='bbox 1503 1493 1544 1562; x_wconf 90' lang='lat' dir='ltr'><strong>ad</strong></span> 
     </span>
     <span class='ocr_line' id='line_1_11' title="bbox 317 1540 1265 1677; baseline 0.001 -25"><span class='ocrx_word' id='word_1_89' title='bbox 317 1540 373 1645; x_wconf 75' lang='grc' dir='ltr'><strong>Ρ</strong></span> <span class='ocrx_word' id='word_1_90' title='bbox 376 1595 477 1654; x_wconf 87' lang='lat' dir='ltr'><strong>raesta</strong></span> <span class='ocrx_word' id='word_1_91' title='bbox 490 1608 696 1676; x_wconf 83' lang='lat' dir='ltr'><strong>quaesumus,</strong></span> <span class='ocrx_word' id='word_1_92' title='bbox 710 1586 910 1676; x_wconf 85' lang='lat' dir='ltr'><strong>omnipotens</strong></span> <span class='ocrx_word' id='word_1_93' title='bbox 956 1588 1193 1677; x_wconf 87' lang='lat' dir='ltr'><strong>poenitentiam.</strong></span> <span class='ocrx_word' id='word_1_94' title='bbox 1219 1588 1265 1653; x_wconf 83' lang='lat' dir='ltr'><strong>Tu</strong></span> 
     </span>
     <span class='ocr_line' id='line_1_12' title="bbox 317 1678 1545 1770; baseline 0.002 -25"><span class='ocrx_word' id='word_1_95' title='bbox 317 1678 415 1759; x_wconf 89' lang='lat' dir='ltr'><strong>Deus,</strong></span> <span class='ocrx_word' id='word_1_96' title='bbox 432 1682 542 1767; x_wconf 88' lang='lat' dir='ltr'><strong>utqui</strong></span> <span class='ocrx_word' id='word_1_97' title='bbox 559 1682 687 1747; x_wconf 85' lang='lat' dir='ltr'><strong>Beatum</strong></span> <span class='ocrx_word' id='word_1_98' title='bbox 714 1680 815 1747; x_wconf 76' lang='lat' dir='ltr'><strong>liliam</strong></span> <span class='ocrx_word' id='word_1_99' title='bbox 833 1680 910 1745; x_wconf 88' lang='lat' dir='ltr'><strong>Pro·</strong></span> <span class='ocrx_word' id='word_1_100' title='bbox 1002 1679 1032 1743; x_wconf 78' lang='lat' dir='ltr'><strong>i.</strong></span> <span class='ocrx_word' id='word_1_101' title='bbox 1058 1681 1096 1746; x_wconf 86' lang='lat' dir='ltr'><strong>Et</strong></span> <span class='ocrx_word' id='word_1_102' title='bbox 1121 1678 1291 1770; x_wconf 78' lang='lat' dir='ltr'><strong>Prophetas</strong></span> <span class='ocrx_word' id='word_1_103' title='bbox 1315 1680 1393 1747; x_wconf 83' lang='lat' dir='ltr'><strong>lanis</strong></span> <span class='ocrx_word' id='word_1_104' title='bbox 1416 1701 1545 1749; x_wconf 86' lang='lat' dir='ltr'><strong>sueces-</strong></span> 
     </span>
     <span class='ocr_line' id='line_1_13' title="bbox 316 1771 1614 1931; baseline 0.002 -94"><span class='ocrx_word' id='word_1_105' title='bbox 316 1771 443 1931; x_wconf 80' lang='lat' dir='ltr'><strong>pbetam</strong></span> <span class='ocrx_word' id='word_1_106' title='bbox 468 1782 559 1839; x_wconf 88' lang='lat' dir='ltr'><strong>tuum</strong></span> <span class='ocrx_word' id='word_1_107' title='bbox 575 1775 669 1863; x_wconf 80' lang='lat' dir='ltr'><strong>igneo</strong></span> <span class='ocrx_word' id='word_1_108' title='bbox 685 1795 782 1841; x_wconf 87' lang='lat' dir='ltr'><strong>curru</strong></span> <span class='ocrx_word' id='word_1_109' title='bbox 811 1773 905 1839; x_wconf 88' lang='lat' dir='ltr'><strong>mira·</strong></span> <span class='ocrx_word' id='word_1_110' title='bbox 950 1793 1039 1840; x_wconf 88' lang='lat' dir='ltr'><strong>sores</strong></span> <span class='ocrx_word' id='word_1_111' title='bbox 1063 1783 1196 1862; x_wconf 90' lang='lat' dir='ltr'><strong>postte.</strong></span> <span class='ocrx_word' id='word_1_112' title='bbox 1228 1772 1287 1839; x_wconf 81' lang='lat' dir='ltr'><strong>nd.</strong></span> <span class='ocrx_word' id='word_1_113' title='bbox 1311 1771 1419 1839; x_wconf 82' lang='lat' dir='ltr'>Gloria</span> <span class='ocrx_word' id='word_1_114' title='bbox 1450 1774 1545 1855; x_wconf 88' lang='lat' dir='ltr'><strong>Patri,</strong></span> <span class='ocrx_word' id='word_1_115' title='bbox 1611 1798 1614 1806; x_wconf 92' lang='lat'>·</span> 
     </span>
     <span class='ocr_line' id='line_1_14' title="bbox 340 1865 1090 1945; baseline 0 -15"><span class='ocrx_word' id='word_1_116' title='bbox 340 1865 420 1933; x_wconf 87' lang='lat' dir='ltr'><strong>iliter</strong></span> <span class='ocrx_word' id='word_1_117' title='bbox 443 1866 601 1933; x_wconf 86' lang='lat' dir='ltr'><strong>elevatum</strong></span> <span class='ocrx_word' id='word_1_118' title='bbox 636 1888 706 1935; x_wconf 87' lang='lat' dir='ltr'><strong>esse</strong></span> <span class='ocrx_word' id='word_1_119' title='bbox 730 1865 902 1945; x_wconf 87' lang='lat' dir='ltr'><strong>oredimus,</strong></span> <span class='ocrx_word' id='word_1_120' title='bbox 950 1875 1009 1933; x_wconf 91' lang='lat' dir='ltr'><strong>eto.</strong></span> <span class='ocrx_word' id='word_1_121' title='bbox 1035 1867 1090 1931; x_wconf 86' lang='lat' dir='ltr'><strong>Tu.</strong></span> 
     </span>
    </p>
   </div>
   <div class='ocr_carea' id='block_1_3' title="bbox 316 1956 1669 2133">
    <p class='ocr_par' dir='ltr' id='par_1_3' title="bbox 316 1956 1669 2133">
     <span class='ocr_line' id='line_1_15' title="bbox 316 1956 1669 2048; baseline -0.001 -23"><span class='ocrx_word' id='word_1_122' title='bbox 316 1956 431 2026; x_wconf 86' lang='lat' dir='ltr'><strong>eodem</strong></span> <span class='ocrx_word' id='word_1_123' title='bbox 450 1959 676 2029; x_wconf 84' lang='lat' dir='ltr'><strong>interveniente</strong></span> <span class='ocrx_word' id='word_1_124' title='bbox 693 1960 732 2027; x_wconf 89' lang='lat' dir='ltr'><strong>ad</strong></span> <span class='ocrx_word' id='word_1_125' title='bbox 762 1960 912 2027; x_wconf 84' lang='lat' dir='ltr'><strong>eoelestia</strong></span> <span class='ocrx_word' id='word_1_126' title='bbox 1004 1961 1034 2027; x_wconf 77' lang='lat' dir='ltr'><strong>rt.</strong></span> <span class='ocrx_word' id='word_1_127' title='bbox 1057 1958 1142 2025; x_wconf 81' lang='lat' dir='ltr'>Beati</span> <span class='ocrx_word' id='word_1_128' title='bbox 1166 1965 1250 2039; x_wconf 90' lang='lat' dir='ltr'><strong>sunt,</strong></span> <span class='ocrx_word' id='word_1_129' title='bbox 1267 1957 1370 2048; x_wconf 85' lang='lat' dir='ltr'><strong>quite</strong></span> <span class='ocrx_word' id='word_1_130' title='bbox 1387 1956 1545 2025; x_wconf 88' lang='lat' dir='ltr'><strong>viderunt.</strong></span> <span class='ocrx_word' id='word_1_131' title='bbox 1668 1961 1669 1968; x_wconf 76' lang='grc'>’</span> 
     </span>
     <span class='ocr_line' id='line_1_16' title="bbox 316 2045 1669 2133; baseline -0.001 -14"><span class='ocrx_word' id='word_1_132' title='bbox 316 2051 533 2133; x_wconf 79' lang='lat' dir='ltr'><strong>sublevemur,</strong></span> <span class='ocrx_word' id='word_1_133' title='bbox 558 2064 589 2122; x_wconf 90' lang='lat' dir='ltr'><strong>et</strong></span> <span class='ocrx_word' id='word_1_134' title='bbox 628 2065 810 2121; x_wconf 84' lang='lat' dir='ltr'><strong>sanctorum</strong></span> <span class='ocrx_word' id='word_1_135' title='bbox 839 2063 911 2119; x_wconf 91' lang='lat' dir='ltr'><strong>tuo·</strong></span> <span class='ocrx_word' id='word_1_136' title='bbox 1003 2049 1036 2122; x_wconf 76' lang='lat' dir='ltr'><strong>ll.</strong></span> <span class='ocrx_word' id='word_1_137' title='bbox 1060 2052 1098 2118; x_wconf 86' lang='lat' dir='ltr'><strong>Et</strong></span> <span class='ocrx_word' id='word_1_138' title='bbox 1121 2054 1155 2117; x_wconf 90' lang='lat' dir='ltr'><strong>in</strong></span> <span class='ocrx_word' id='word_1_139' title='bbox 1179 2052 1317 2119; x_wconf 82' lang='lat' dir='ltr'><strong>amicitia</strong></span> <span class='ocrx_word' id='word_1_140' title='bbox 1333 2060 1388 2117; x_wconf 89' lang='lat' dir='ltr'><strong>tua</strong></span> <span class='ocrx_word' id='word_1_141' title='bbox 1403 2045 1544 2119; x_wconf 87' lang='lat' dir='ltr'><strong>decorati</strong></span> <span class='ocrx_word' id='word_1_142' title='bbox 1668 2085 1669 2098; x_wconf 61' lang='lat'>2</span> 
     </span>
    </p>
   </div>
   <div class='ocr_carea' id='block_1_4' title="bbox 316 2139 1387 2305">
    <p class='ocr_par' dir='ltr' id='par_1_4' title="bbox 316 2139 1387 2305">
     <span class='ocr_line' id='line_1_17' title="bbox 316 2139 1107 2235; baseline 0 -24"><span class='ocrx_word' id='word_1_143' title='bbox 316 2166 389 2211; x_wconf 90' lang='lat' dir='ltr'><strong>rum</strong></span> <span class='ocrx_word' id='word_1_144' title='bbox 413 2149 575 2213; x_wconf 91' lang='lat' dir='ltr'><strong>consortio</strong></span> <span class='ocrx_word' id='word_1_145' title='bbox 609 2146 817 2235; x_wconf 84' lang='lat' dir='ltr'><strong>gaudeamus.</strong></span> <span class='ocrx_word' id='word_1_146' title='bbox 844 2146 906 2213; x_wconf 90' lang='lat' dir='ltr'><strong>Per</strong></span> <span class='ocrx_word' id='word_1_147' title='bbox 951 2139 1039 2213; x_wconf 72' lang='lat' dir='ltr'><strong>sunl.</strong></span> <span class='ocrx_word' id='word_1_148' title='bbox 1102 2146 1107 2153; x_wconf 84' lang='grc'><strong><em>’</em></strong></span> 
     </span>
     <span class='ocr_line' id='line_1_18' title="bbox 317 2237 1387 2305; baseline 0.001 -2"><span class='ocrx_word' id='word_1_149' title='bbox 317 2237 500 2305; x_wconf 89' lang='lat' dir='ltr'><strong>Dominum.</strong></span> <span class='ocrx_word' id='word_1_150' title='bbox 1130 2239 1185 2304; x_wconf 81' lang='lat' dir='ltr'><strong>nb</strong></span> <span class='ocrx_word' id='word_1_151' title='bbox 1210 2238 1354 2304; x_wconf 79' lang='lat' dir='ltr'><strong>NONAll</strong></span> <span class='ocrx_word' id='word_1_152' title='bbox 1383 2257 1387 2270; x_wconf 76' lang='lat'><strong><em>¹</em></strong></span> 
     </span>
    </p>
   </div>
   <div class='ocr_carea' id='block_1_5' title="bbox 480 2330 1545 2423">
    <p class='ocr_par' dir='ltr' id='par_1_5' title="bbox 480 2330 1545 2423">
     <span class='ocr_line' id='line_1_19' title="bbox 480 2330 1545 2423; baseline 0.001 -26"><span class='ocrx_word' id='word_1_153' title='bbox 480 2332 535 2397; x_wconf 79' lang='lat' dir='ltr'><strong>Ab</strong></span> <span class='ocrx_word' id='word_1_154' title='bbox 559 2332 735 2399; x_wconf 83' lang='lat' dir='ltr'><strong>TERTlAM</strong></span> <span class='ocrx_word' id='word_1_155' title='bbox 1005 2330 1130 2421; x_wconf 81' lang='lat' dir='ltr'><strong>Antt&#39;plt.</strong></span> <span class='ocrx_word' id='word_1_156' title='bbox 1170 2331 1321 2399; x_wconf 77' lang='lat' dir='ltr'>Ascendit</span> <span class='ocrx_word' id='word_1_157' title='bbox 1365 2332 1449 2400; x_wconf 83' lang='lat' dir='ltr'><strong>Elias</strong></span> <span class='ocrx_word' id='word_1_158' title='bbox 1487 2352 1545 2423; x_wconf 86' lang='lat' dir='ltr'><strong>per</strong></span> 
     </span>
    </p>
   </div>
   <div class='ocr_carea' id='block_1_6' title="bbox 364 2422 1670 2513">
    <p class='ocr_par' dir='ltr' id='par_1_6' title="bbox 364 2422 1670 2513">
     <span class='ocr_line' id='line_1_20' title="bbox 364 2422 1670 2513; baseline -0.002 -22"><span class='ocrx_word' id='word_1_159' title='bbox 364 2422 629 2513; x_wconf 47' lang='lat' dir='ltr'><strong>AnttplteFactutn</strong></span> <span class='ocrx_word' id='word_1_160' title='bbox 643 2436 818 2505; x_wconf 81' lang='lat' dir='ltr'><strong>astantem,</strong></span> <span class='ocrx_word' id='word_1_161' title='bbox 833 2443 909 2491; x_wconf 90' lang='lat' dir='ltr'><strong>oum</strong></span> <span class='ocrx_word' id='word_1_162' title='bbox 955 2426 1114 2493; x_wconf 80' lang='lat' dir='ltr'><strong>turbinem</strong></span> <span class='ocrx_word' id='word_1_163' title='bbox 1154 2426 1186 2491; x_wconf 90' lang='lat' dir='ltr'><strong>in</strong></span> <span class='ocrx_word' id='word_1_164' title='bbox 1226 2424 1360 2491; x_wconf 88' lang='lat' dir='ltr'><strong>eoelum.</strong></span> <span class='ocrx_word' id='word_1_165' title='bbox 1401 2426 1544 2492; x_wconf 86' lang='lat' dir='ltr'><strong>Elisaeus</strong></span> <span class='ocrx_word' id='word_1_166' title='bbox 1666 2433 1670 2488; x_wconf 84' lang='lat' dir='ltr'><strong>t</strong></span> 
     </span>
    </p>
   </div>
   <div class='ocr_carea' id='block_1_7' title="bbox 314 2516 1543 3167">
    <p class='ocr_par' dir='ltr' id='par_1_7' title="bbox 314 2516 1542 2798">
     <span class='ocr_line' id='line_1_21' title="bbox 316 2516 1542 2607; baseline 0 -24"><span class='ocrx_word' id='word_1_167' title='bbox 316 2516 529 2585; x_wconf 88' lang='lat' dir='ltr'><strong>levarovellet</strong></span> <span class='ocrx_word' id='word_1_168' title='bbox 553 2520 709 2588; x_wconf 87' lang='lat' dir='ltr'><strong>Dominus</strong></span> <span class='ocrx_word' id='word_1_169' title='bbox 727 2522 825 2587; x_wconf 81' lang='lat' dir='ltr'><strong>Elium</strong></span> <span class='ocrx_word' id='word_1_170' title='bbox 850 2539 909 2607; x_wconf 91' lang='lat' dir='ltr'><strong>per</strong></span> <span class='ocrx_word' id='word_1_171' title='bbox 953 2530 1059 2586; x_wconf 88' lang='lat' dir='ltr'><strong>autem</strong></span> <span class='ocrx_word' id='word_1_172' title='bbox 1106 2517 1254 2597; x_wconf 87' lang='lat' dir='ltr'><strong>videbat,</strong></span> <span class='ocrx_word' id='word_1_173' title='bbox 1298 2527 1331 2585; x_wconf 94' lang='lat' dir='ltr'><strong>et</strong></span> <span class='ocrx_word' id='word_1_174' title='bbox 1376 2516 1542 2599; x_wconf 68' lang='lat' dir='ltr'><strong>clamabat</strong></span> 
     </span>
     <span class='ocr_line' id='line_1_22' title="bbox 317 2610 1541 2697; baseline 0.001 -21"><span class='ocrx_word' id='word_1_175' title='bbox 317 2610 476 2679; x_wconf 83' lang='lat' dir='ltr'><strong>turbinem</strong></span> <span class='ocrx_word' id='word_1_176' title='bbox 499 2614 532 2679; x_wconf 94' lang='lat' dir='ltr'><strong>in</strong></span> <span class='ocrx_word' id='word_1_177' title='bbox 549 2616 687 2697; x_wconf 88' lang='lat' dir='ltr'><strong>ooelum,</strong></span> <span class='ocrx_word' id='word_1_178' title='bbox 708 2613 795 2682; x_wconf 80' lang='lat' dir='ltr'><strong>ibant</strong></span> <span class='ocrx_word' id='word_1_179' title='bbox 811 2610 907 2691; x_wconf 86' lang='lat' dir='ltr'><strong>Elias,</strong></span> <span class='ocrx_word' id='word_1_180' title='bbox 954 2612 1115 2691; x_wconf 72' lang='lat' dir='ltr'><strong>Paterni,</strong></span> <span class='ocrx_word' id='word_1_181' title='bbox 1133 2610 1376 2694; x_wconf 75' lang='lat' dir='ltr'><strong>ourrns‘lsrael,</strong></span> <span class='ocrx_word' id='word_1_182' title='bbox 1402 2622 1434 2681; x_wconf 88' lang='lat' dir='ltr'><strong>et</strong></span> <span class='ocrx_word' id='word_1_183' title='bbox 1456 2611 1541 2679; x_wconf 89' lang='lat' dir='ltr'><strong>auri·</strong></span> 
     </span>
     <span class='ocr_line' id='line_1_23' title="bbox 314 2705 1099 2798; baseline -0.001 -27"><span class='ocrx_word' id='word_1_184' title='bbox 314 2714 347 2771; x_wconf 91' lang='lat' dir='ltr'><strong>et</strong></span> <span class='ocrx_word' id='word_1_185' title='bbox 370 2706 515 2775; x_wconf 87' lang='lat' dir='ltr'><strong>Elisaous</strong></span> <span class='ocrx_word' id='word_1_186' title='bbox 538 2706 580 2775; x_wconf 88' lang='lat' dir='ltr'><strong>de</strong></span> <span class='ocrx_word' id='word_1_187' title='bbox 594 2708 743 2798; x_wconf 84' lang='lat' dir='ltr'><strong>Galgalis.</strong></span> <span class='ocrx_word' id='word_1_188' title='bbox 956 2726 997 2794; x_wconf 83' lang='lat' dir='ltr'><strong>ga</strong></span> <span class='ocrx_word' id='word_1_189' title='bbox 1021 2705 1099 2793; x_wconf 82' lang='lat' dir='ltr'><strong>ejus.</strong></span> 
     </span>
    </p>

    <p class='ocr_par' dir='ltr' id='par_1_8' title="bbox 314 2795 1543 3167">
     <span class='ocr_line' id='line_1_24' title="bbox 563 2795 1542 2891; baseline -0.01 -20"><span class='ocrx_word' id='word_1_190' title='bbox 563 2802 666 2891; x_wconf 81' lang='lat' dir='ltr'><strong>Capit.</strong></span> <span class='ocrx_word' id='word_1_191' title='bbox 959 2846 970 2881; x_wconf 73' lang='lat' dir='ltr'><strong>r</strong></span> <span class='ocrx_word' id='word_1_192' title='bbox 999 2848 1013 2874; x_wconf 55' lang='lat'><em>2</em></span> <span class='ocrx_word' id='word_1_193' title='bbox 1111 2795 1212 2887; x_wconf 76' lang='lat' dir='ltr'><strong>Capit.</strong></span> <span class='ocrx_word' id='word_1_194' title='bbox 1391 2797 1473 2867; x_wconf 81' lang='lat' dir='ltr'><strong>Eeol.</strong></span> <span class='ocrx_word' id='word_1_195' title='bbox 1491 2798 1542 2863; x_wconf 83' lang='lat' dir='ltr'><strong>l8.</strong></span> 
     </span>
     <span class='ocr_line' id='line_1_25' title="bbox 318 2840 1543 2984; baseline 0.004 -33"><span class='ocrx_word' id='word_1_196' title='bbox 318 2840 487 2959; x_wconf 78' lang='lat' dir='ltr'><strong>Surrexit</strong></span> <span class='ocrx_word' id='word_1_197' title='bbox 511 2892 594 2960; x_wconf 86' lang='lat' dir='ltr'><strong>Elias</strong></span> <span class='ocrx_word' id='word_1_198' title='bbox 635 2892 791 2984; x_wconf 78' lang='lat' dir='ltr'><strong>Propheta</strong></span> <span class='ocrx_word' id='word_1_199' title='bbox 814 2892 909 2981; x_wconf 88' lang='lat' dir='ltr'><strong>quasi</strong></span> <span class='ocrx_word' id='word_1_200' title='bbox 974 2847 1037 2958; x_wconf 70' lang='lat' dir='ltr'><strong>&#39;u</strong></span> <span class='ocrx_word' id='word_1_201' title='bbox 1063 2891 1216 2959; x_wconf 78' lang='lat' dir='ltr'><strong>sustulisti</strong></span> <span class='ocrx_word' id='word_1_202' title='bbox 1241 2888 1404 2960; x_wconf 85' lang='lat' dir='ltr'><strong>mortuum</strong></span> <span class='ocrx_word' id='word_1_203' title='bbox 1437 2888 1479 2958; x_wconf 91' lang='lat' dir='ltr'><strong>ab</strong></span> <span class='ocrx_word' id='word_1_204' title='bbox 1496 2891 1543 2956; x_wconf 89' lang='lat' dir='ltr'><strong>in·</strong></span> 
     </span>
     <span class='ocr_line' id='line_1_26' title="bbox 314 2982 1542 3075; baseline 0.004 -26"><span class='ocrx_word' id='word_1_205' title='bbox 314 2982 409 3071; x_wconf 67' lang='lat' dir='ltr'><strong>ignis</strong></span> <span class='ocrx_word' id='word_1_206' title='bbox 433 2994 465 3051; x_wconf 89' lang='lat' dir='ltr'><strong>et</strong></span> <span class='ocrx_word' id='word_1_207' title='bbox 499 2983 633 3052; x_wconf 90' lang='lat' dir='ltr'><strong>verbum</strong></span> <span class='ocrx_word' id='word_1_208' title='bbox 655 2986 773 3075; x_wconf 86' lang='lat' dir='ltr'><strong>¹ipsius,</strong></span> <span class='ocrx_word' id='word_1_209' title='bbox 813 2991 908 3074; x_wconf 87' lang='lat' dir='ltr'><strong>qnasi</strong></span> <span class='ocrx_word' id='word_1_210' title='bbox 953 2984 1038 3064; x_wconf 80' lang='lat' dir='ltr'><strong>laris,</strong></span> <span class='ocrx_word' id='word_1_211' title='bbox 1063 2984 1214 3053; x_wconf 87' lang='lat' dir='ltr'><strong>desorto</strong></span> <span class='ocrx_word' id='word_1_212' title='bbox 1237 2988 1348 3068; x_wconf 89' lang='lat' dir='ltr'><strong>mortis</strong></span> <span class='ocrx_word' id='word_1_213' title='bbox 1371 2986 1402 3050; x_wconf 92' lang='lat' dir='ltr'><strong>in</strong></span> <span class='ocrx_word' id='word_1_214' title='bbox 1442 2982 1542 3054; x_wconf 86' lang='lat' dir='ltr'><strong>verbo</strong></span> 
     </span>
     <span class='ocr_line' id='line_1_27' title="bbox 317 3074 1542 3167; baseline 0.002 -26"><span class='ocrx_word' id='word_1_215' title='bbox 317 3075 423 3144; x_wconf 83' lang='lat' dir='ltr'><strong>faoula</strong></span> <span class='ocrx_word' id='word_1_216' title='bbox 451 3074 593 3158; x_wconf 86' lang='lat' dir='ltr'><strong>ardebat,</strong></span> <span class='ocrx_word' id='word_1_217' title='bbox 631 3081 689 3167; x_wconf 87' lang='lat' dir='ltr'><strong>qni</strong></span> <span class='ocrx_word' id='word_1_218' title='bbox 731 3077 855 3145; x_wconf 85' lang='lat' dir='ltr'><strong>induxit</strong></span> <span class='ocrx_word' id='word_1_219' title='bbox 877 3082 909 3146; x_wconf 91' lang='lat' dir='ltr'><strong>in</strong></span> <span class='ocrx_word' id='word_1_220' title='bbox 957 3080 1083 3145; x_wconf 89' lang='lat' dir='ltr'><strong>Domini</strong></span> <span class='ocrx_word' id='word_1_221' title='bbox 1107 3078 1174 3145; x_wconf 84' lang='lat' dir='ltr'><strong>Dei.</strong></span> <span class='ocrx_word' id='word_1_222' title='bbox 1198 3079 1259 3158; x_wconf 82' lang='lat' dir='ltr'><strong>Qut</strong></span> <span class='ocrx_word' id='word_1_223' title='bbox 1284 3079 1421 3167; x_wconf 88' lang='lat' dir='ltr'><strong>scriptus</strong></span> <span class='ocrx_word' id='word_1_224' title='bbox 1443 3096 1479 3143; x_wconf 88' lang='lat' dir='ltr'><strong>es</strong></span> <span class='ocrx_word' id='word_1_225' title='bbox 1508 3080 1542 3143; x_wconf 89' lang='lat' dir='ltr'><strong>in</strong></span> 
     </span>
    </p>
   </div>
   <div class='ocr_carea' id='block_1_8' title="bbox 316 3168 1667 3261">
    <p class='ocr_par' dir='ltr' id='par_1_9' title="bbox 316 3168 1667 3261">
     <span class='ocr_line' id='line_1_28' title="bbox 316 3168 1667 3261; baseline 0 -26"><span class='ocrx_word' id='word_1_226' title='bbox 316 3168 453 3260; x_wconf 90' lang='lat' dir='ltr'><strong>populos</strong></span> <span class='ocrx_word' id='word_1_227' title='bbox 476 3170 603 3250; x_wconf 83' lang='lat' dir='ltr'><strong>samem,</strong></span> <span class='ocrx_word' id='word_1_228' title='bbox 628 3181 660 3237; x_wconf 87' lang='lat' dir='ltr'><strong>et</strong></span> <span class='ocrx_word' id='word_1_229' title='bbox 684 3171 846 3236; x_wconf 85' lang='lat' dir='ltr'><strong>irritantes</strong></span> <span class='ocrx_word' id='word_1_230' title='bbox 870 3172 908 3237; x_wconf 91' lang='lat' dir='ltr'><strong>il·</strong></span> <span class='ocrx_word' id='word_1_231' title='bbox 950 3169 1081 3258; x_wconf 88' lang='lat' dir='ltr'><strong>judiciis</strong></span> <span class='ocrx_word' id='word_1_232' title='bbox 1103 3181 1285 3261; x_wconf 88' lang='lat' dir='ltr'><strong>temporum</strong></span> <span class='ocrx_word' id='word_1_233' title='bbox 1301 3171 1399 3238; x_wconf 85' lang='lat' dir='ltr'><strong>lenire</strong></span> <span class='ocrx_word' id='word_1_234' title='bbox 1415 3168 1542 3235; x_wconf 86' lang='lat' dir='ltr'><strong>iraoun·</strong></span> <span class='ocrx_word' id='word_1_235' title='bbox 1666 3219 1667 3224; x_wconf 19' lang='grc' dir='ltr'>η</span> 
     </span>
    </p>
   </div>
   <div class='ocr_carea' id='block_1_9' title="bbox 308 3261 1546 3799">
    <p class='ocr_par' dir='ltr' id='par_1_10' title="bbox 316 3261 1197 3354">
     <span class='ocr_line' id='line_1_29' title="bbox 316 3261 1197 3354; baseline 0.003 -27"><span class='ocrx_word' id='word_1_236' title='bbox 316 3262 383 3330; x_wconf 90' lang='lat' dir='ltr'><strong>lum</strong></span> <span class='ocrx_word' id='word_1_237' title='bbox 409 3262 527 3331; x_wconf 88' lang='lat' dir='ltr'><strong>invidia</strong></span> <span class='ocrx_word' id='word_1_238' title='bbox 544 3284 602 3330; x_wconf 87' lang='lat' dir='ltr'><strong>sua</strong></span> <span class='ocrx_word' id='word_1_239' title='bbox 618 3264 713 3354; x_wconf 86' lang='lat' dir='ltr'><strong>pauci</strong></span> <span class='ocrx_word' id='word_1_240' title='bbox 730 3263 801 3330; x_wconf 84' lang='lat' dir='ltr'><strong>lauti</strong></span> <span class='ocrx_word' id='word_1_241' title='bbox 821 3274 905 3331; x_wconf 91' lang='lat' dir='ltr'><strong>sunt.</strong></span> <span class='ocrx_word' id='word_1_242' title='bbox 954 3261 1039 3330; x_wconf 89' lang='lat' dir='ltr'><strong>diam</strong></span> <span class='ocrx_word' id='word_1_243' title='bbox 1063 3264 1197 3331; x_wconf 86' lang='lat' dir='ltr'><strong>Domini.</strong></span> 
     </span>
    </p>

    <p class='ocr_par' dir='ltr' id='par_1_11' title="bbox 315 3352 1544 3518">
     <span class='ocr_line' id='line_1_30' title="bbox 337 3352 1544 3438; baseline 0.002 -16"><span class='ocrx_word' id='word_1_244' title='bbox 337 3356 429 3437; x_wconf 62' lang='grc' dir='ltr'><strong>ἠὺν.</strong></span> <span class='ocrx_word' id='word_1_245' title='bbox 447 3354 552 3425; x_wconf 89' lang='lat' dir='ltr'><strong>Verbo</strong></span> <span class='ocrx_word' id='word_1_246' title='bbox 578 3357 912 3426; x_wconf 81' lang='lat' dir='ltr'><strong>Domini*contmuit</strong></span> <span class='ocrx_word' id='word_1_247' title='bbox 1005 3362 1037 3436; x_wconf 76' lang='lat' dir='ltr'><strong>d.</strong></span> <span class='ocrx_word' id='word_1_248' title='bbox 1060 3357 1105 3424; x_wconf 87' lang='lat' dir='ltr'><strong>br.</strong></span> <span class='ocrx_word' id='word_1_249' title='bbox 1130 3357 1213 3425; x_wconf 87' lang='lat' dir='ltr'><strong>Beati</strong></span> <span class='ocrx_word' id='word_1_250' title='bbox 1254 3363 1340 3438; x_wconf 84' lang='lat' dir='ltr'><strong>suut,</strong></span> <span class='ocrx_word' id='word_1_251' title='bbox 1365 3352 1386 3396; x_wconf 81' lang='lat'>*</span> <span class='ocrx_word' id='word_1_252' title='bbox 1411 3353 1474 3435; x_wconf 89' lang='lat' dir='ltr'><strong>Qui</strong></span> <span class='ocrx_word' id='word_1_253' title='bbox 1513 3363 1544 3424; x_wconf 89' lang='lat' dir='ltr'><strong>te</strong></span> 
     </span>
     <span class='ocr_line' id='line_1_31' title="bbox 315 3448 1230 3518; baseline -0.004 -3"><span class='ocrx_word' id='word_1_254' title='bbox 315 3448 452 3517; x_wconf 84' lang='lat' dir='ltr'><strong>coelum.</strong></span> <span class='ocrx_word' id='word_1_255' title='bbox 477 3449 590 3518; x_wconf 88' lang='lat' dir='ltr'><strong>Verbo.</strong></span> <span class='ocrx_word' id='word_1_256' title='bbox 673 3462 675 3469; x_wconf 62' lang='lat'><strong><em>⁴</em></strong></span> <span class='ocrx_word' id='word_1_257' title='bbox 876 3490 879 3497; x_wconf 93' lang='lat'><em>·</em></span> <span class='ocrx_word' id='word_1_258' title='bbox 957 3448 1113 3516; x_wconf 88' lang='lat' dir='ltr'><strong>viderunt.</strong></span> <span class='ocrx_word' id='word_1_259' title='bbox 1137 3448 1230 3516; x_wconf 86' lang='lat' dir='ltr'><strong>Beati.</strong></span> 
     </span>
    </p>

    <p class='ocr_par' dir='ltr' id='par_1_12' title="bbox 308 3539 1546 3799">
     <span class='ocr_line' id='line_1_32' title="bbox 308 3539 1546 3632; baseline 0.002 -26"><span class='ocrx_word' id='word_1_260' title='bbox 308 3541 365 3606; x_wconf 63' lang='lat' dir='ltr'><strong>‘rb</strong></span> <span class='ocrx_word' id='word_1_261' title='bbox 391 3543 430 3608; x_wconf 88' lang='lat' dir='ltr'><strong>Et</strong></span> <span class='ocrx_word' id='word_1_262' title='bbox 453 3542 567 3632; x_wconf 84' lang='lat' dir='ltr'><strong>dejecit</strong></span> <span class='ocrx_word' id='word_1_263' title='bbox 591 3543 632 3611; x_wconf 90' lang='lat' dir='ltr'><strong>de</strong></span> <span class='ocrx_word' id='word_1_264' title='bbox 652 3543 762 3611; x_wconf 87' lang='lat' dir='ltr'><strong>¹ooelo</strong></span> <span class='ocrx_word' id='word_1_265' title='bbox 797 3543 902 3631; x_wconf 82' lang='lat' dir='ltr'><strong>iguem</strong></span> <span class='ocrx_word' id='word_1_266' title='bbox 996 3540 1025 3607; x_wconf 78' lang='lat' dir='ltr'><strong>tl.</strong></span> <span class='ocrx_word' id='word_1_267' title='bbox 1049 3543 1087 3607; x_wconf 83' lang='lat' dir='ltr'><strong>Et</strong></span> <span class='ocrx_word' id='word_1_268' title='bbox 1109 3544 1143 3608; x_wconf 89' lang='lat' dir='ltr'><strong>in</strong></span> <span class='ocrx_word' id='word_1_269' title='bbox 1168 3540 1306 3608; x_wconf 86' lang='lat' dir='ltr'><strong>amicitia</strong></span> <span class='ocrx_word' id='word_1_270' title='bbox 1331 3551 1389 3607; x_wconf 91' lang='lat' dir='ltr'><strong>tua</strong></span> <span class='ocrx_word' id='word_1_271' title='bbox 1404 3539 1546 3609; x_wconf 85' lang='lat' dir='ltr'><strong>decorati</strong></span> 
     </span>
     <span class='ocr_line' id='line_1_33' title="bbox 315 3633 1544 3718; baseline -0.002 -15"><span class='ocrx_word' id='word_1_272' title='bbox 315 3644 372 3703; x_wconf 89' lang='lat' dir='ltr'><strong>ter.</strong></span> <span class='ocrx_word' id='word_1_273' title='bbox 397 3635 565 3704; x_wconf 82' lang='lat' dir='ltr'><strong>Continuit.</strong></span> <span class='ocrx_word' id='word_1_274' title='bbox 591 3636 698 3705; x_wconf 87' lang='lat' dir='ltr'><strong>Gloria</strong></span> <span class='ocrx_word' id='word_1_275' title='bbox 721 3637 814 3718; x_wconf 88' lang='lat' dir='ltr'><strong>Patri,</strong></span> <span class='ocrx_word' id='word_1_276' title='bbox 845 3648 905 3705; x_wconf 87' lang='lat' dir='ltr'><strong>eto.</strong></span> <span class='ocrx_word' id='word_1_277' title='bbox 951 3644 1037 3703; x_wconf 88' lang='lat' dir='ltr'><strong>sunt.</strong></span> <span class='ocrx_word' id='word_1_278' title='bbox 1061 3636 1124 3715; x_wconf 86' lang='lat' dir='ltr'><strong>Qui</strong></span> <span class='ocrx_word' id='word_1_279' title='bbox 1149 3643 1189 3702; x_wconf 90' lang='lat' dir='ltr'><strong>te.</strong></span> <span class='ocrx_word' id='word_1_280' title='bbox 1213 3633 1323 3701; x_wconf 84' lang='lat' dir='ltr'><strong>Gloria</strong></span> <span class='ocrx_word' id='word_1_281' title='bbox 1358 3635 1451 3717; x_wconf 86' lang='lat' dir='ltr'><strong>Patri,</strong></span> <span class='ocrx_word' id='word_1_282' title='bbox 1485 3645 1544 3705; x_wconf 89' lang='lat' dir='ltr'><strong>eto.</strong></span> 
     </span>
     <span class='ocr_line' id='line_1_34' title="bbox 317 3727 1047 3799; baseline 0 -3"><span class='ocrx_word' id='word_1_283' title='bbox 317 3727 435 3799; x_wconf 86' lang='lat' dir='ltr'><strong>Verbo.</strong></span> <span class='ocrx_word' id='word_1_284' title='bbox 943 3730 1047 3796; x_wconf 83' lang='lat' dir='ltr'><strong>‘Beati</strong></span> 
     </span>
    </p>
   </div>
   <div class='ocr_carea' id='block_1_10' title="bbox 317 3820 1665 4386">
    <p class='ocr_par' dir='ltr' id='par_1_13' title="bbox 362 3820 1545 3915">
     <span class='ocr_line' id='line_1_35' title="bbox 362 3820 1545 3915; baseline 0 -26"><span class='ocrx_word' id='word_1_285' title='bbox 362 3824 392 3889; x_wconf 76' lang='lat' dir='ltr'><strong>tl.</strong></span> <span class='ocrx_word' id='word_1_286' title='bbox 416 3824 463 3891; x_wconf 85' lang='lat' dir='ltr'><strong>Tu</strong></span> <span class='ocrx_word' id='word_1_287' title='bbox 488 3823 579 3914; x_wconf 80' lang='lat' dir='ltr'><strong>ungis</strong></span> <span class='ocrx_word' id='word_1_288' title='bbox 604 3824 703 3913; x_wconf 80' lang='lat' dir='ltr'><strong>Reges</strong></span> <span class='ocrx_word' id='word_1_289' title='bbox 726 3821 766 3889; x_wconf 89' lang='lat' dir='ltr'><strong>ad</strong></span> <span class='ocrx_word' id='word_1_290' title='bbox 798 3823 910 3915; x_wconf 88' lang='lat' dir='ltr'><strong>poeni·</strong></span> <span class='ocrx_word' id='word_1_291' title='bbox 1002 3830 1031 3895; x_wconf 84' lang='lat' dir='ltr'><strong>tl.</strong></span> <span class='ocrx_word' id='word_1_292' title='bbox 1056 3822 1139 3890; x_wconf 84' lang='lat' dir='ltr'><strong>Elias</strong></span> <span class='ocrx_word' id='word_1_293' title='bbox 1161 3823 1194 3888; x_wconf 91' lang='lat' dir='ltr'><strong>in</strong></span> <span class='ocrx_word' id='word_1_294' title='bbox 1218 3820 1347 3891; x_wconf 85' lang='lat' dir='ltr'><strong>turbine</strong></span> <span class='ocrx_word' id='word_1_295' title='bbox 1371 3830 1545 3891; x_wconf 84' lang='lat' dir='ltr'><strong>tectusest.</strong></span> 
     </span>
    </p>

    <p class='ocr_par' dir='ltr' id='par_1_14' title="bbox 317 3914 1665 4105">
     <span class='ocr_line' id='line_1_36' title="bbox 317 3914 1665 4006; baseline -0.001 -21"><span class='ocrx_word' id='word_1_296' title='bbox 317 3916 456 3985; x_wconf 84' lang='lat' dir='ltr'><strong>tentiam.</strong></span> <span class='ocrx_word' id='word_1_297' title='bbox 681 3919 706 3957; x_wconf 82' lang='grc'><strong>-’</strong></span> <span class='ocrx_word' id='word_1_298' title='bbox 1005 3917 1036 3990; x_wconf 75' lang='lat' dir='ltr'><strong>d.</strong></span> <span class='ocrx_word' id='word_1_299' title='bbox 1061 3917 1111 3982; x_wconf 80' lang='lat' dir='ltr'><strong>Et·</strong></span> <span class='ocrx_word' id='word_1_300' title='bbox 1138 3916 1168 3982; x_wconf 90' lang='lat' dir='ltr'><strong>in</strong></span> <span class='ocrx_word' id='word_1_301' title='bbox 1205 3914 1328 3985; x_wconf 79' lang='lat' dir='ltr'><strong>Elisaeo</strong></span> <span class='ocrx_word' id='word_1_302' title='bbox 1367 3915 1545 4006; x_wconf 84' lang='lat' dir='ltr'><strong>completus</strong></span> <span class='ocrx_word' id='word_1_303' title='bbox 1664 3945 1665 3954; x_wconf 45' lang='lat'>¹</span> 
     </span>
     <span class='ocr_line' id='line_1_37' title="bbox 363 4008 1448 4105; baseline -0.002 -28"><span class='ocrx_word' id='word_1_304' title='bbox 363 4014 394 4086; x_wconf 80' lang='lat' dir='ltr'><strong>tt.</strong></span> <span class='ocrx_word' id='word_1_305' title='bbox 420 4008 656 4101; x_wconf 76' lang='lat' dir='ltr'><strong>Et‘Propbetas</strong></span> <span class='ocrx_word' id='word_1_306' title='bbox 673 4010 758 4079; x_wconf 79' lang='lat' dir='ltr'><strong>dacis</strong></span> <span class='ocrx_word' id='word_1_307' title='bbox 782 4029 911 4081; x_wconf 85' lang='lat' dir='ltr'><strong>sucees-</strong></span> <span class='ocrx_word' id='word_1_308' title='bbox 957 4018 1006 4077; x_wconf 91' lang='lat' dir='ltr'><strong>est</strong></span> <span class='ocrx_word' id='word_1_309' title='bbox 1029 4010 1164 4100; x_wconf 84' lang='lat' dir='ltr'><strong>Spiritus</strong></span> <span class='ocrx_word' id='word_1_310' title='bbox 1186 4008 1264 4097; x_wconf 84' lang='lat' dir='ltr'><strong>ejus.</strong></span> <span class='ocrx_word' id='word_1_311' title='bbox 1444 4096 1448 4105; x_wconf 26' lang='grc' dir='ltr'>ι</span> 
     </span>
    </p>

    <p class='ocr_par' dir='ltr' id='par_1_15' title="bbox 318 4097 1544 4196">
     <span class='ocr_line' id='line_1_38' title="bbox 318 4097 1544 4196; baseline 0.001 -29"><span class='ocrx_word' id='word_1_312' title='bbox 318 4119 406 4171; x_wconf 81' lang='lat' dir='ltr'><strong>sores</strong></span> <span class='ocrx_word' id='word_1_313' title='bbox 429 4114 502 4196; x_wconf 86' lang='lat' dir='ltr'><strong>post</strong></span> <span class='ocrx_word' id='word_1_314' title='bbox 519 4114 558 4173; x_wconf 90' lang='lat' dir='ltr'><strong>te.</strong></span> <span class='ocrx_word' id='word_1_315' title='bbox 686 4152 691 4163; x_wconf 84' lang='lat'>·</span> <span class='ocrx_word' id='word_1_316' title='bbox 1001 4104 1039 4170; x_wconf 85' lang='lat' dir='ltr'><strong>ln</strong></span> <span class='ocrx_word' id='word_1_317' title='bbox 1062 4101 1210 4171; x_wconf 76' lang='lat' dir='ltr'><strong>semotis</strong></span> <span class='ocrx_word' id='word_1_318' title='bbox 1243 4098 1387 4192; x_wconf 82' lang='lat' dir='ltr'><strong>Vespert‘s</strong></span> <span class='ocrx_word' id='word_1_319' title='bbox 1425 4097 1544 4184; x_wconf 80' lang='lat' dir='ltr'><strong>omnio,</strong></span> 
     </span>
    </p>

    <p class='ocr_par' dir='ltr' id='par_1_16' title="bbox 496 4190 1520 4287">
     <span class='ocr_line' id='line_1_39' title="bbox 496 4190 1520 4287; baseline -0.005 -21"><span class='ocrx_word' id='word_1_320' title='bbox 496 4198 551 4266; x_wconf 80' lang='lat' dir='ltr'><strong>to</strong></span> <span class='ocrx_word' id='word_1_321' title='bbox 575 4196 734 4268; x_wconf 78' lang='lat' dir='ltr'><strong>sttxtntt</strong></span> <span class='ocrx_word' id='word_1_322' title='bbox 955 4208 989 4266; x_wconf 85' lang='lat' dir='ltr'><strong>ut</strong></span> <span class='ocrx_word' id='word_1_323' title='bbox 1012 4195 1048 4264; x_wconf 83' lang='lat' dir='ltr'><strong>t&#39;o</strong></span> <span class='ocrx_word' id='word_1_324' title='bbox 1065 4195 1188 4286; x_wconf 79' lang='lat' dir='ltr'><strong>primis</strong></span> <span class='ocrx_word' id='word_1_325' title='bbox 1207 4207 1334 4287; x_wconf 81' lang='lat' dir='ltr'><strong>praeter</strong></span> <span class='ocrx_word' id='word_1_326' title='bbox 1354 4190 1520 4284; x_wconf 69' lang='lat' dir='ltr'><strong>sementia.</strong></span> 
     </span>
    </p>

    <p class='ocr_par' dir='ltr' id='par_1_17' title="bbox 364 4284 1541 4386">
     <span class='ocr_line' id='line_1_40' title="bbox 364 4284 1541 4386; baseline 0.003 -33"><span class='ocrx_word' id='word_1_327' title='bbox 364 4284 488 4376; x_wconf 76' lang='lat' dir='ltr'><strong>nnttpt.</strong></span> <span class='ocrx_word' id='word_1_328' title='bbox 529 4291 613 4361; x_wconf 81' lang='lat' dir='ltr'><strong>Tulit</strong></span> <span class='ocrx_word' id='word_1_329' title='bbox 647 4291 735 4361; x_wconf 81' lang='lat' dir='ltr'><strong>Elias</strong></span> <span class='ocrx_word' id='word_1_330' title='bbox 774 4284 907 4386; x_wconf 79' lang='lat' dir='ltr'><strong>pallium</strong></span> <span class='ocrx_word' id='word_1_331' title='bbox 1000 4286 1029 4355; x_wconf 69' lang='lat' dir='ltr'><strong>l.</strong></span> <span class='ocrx_word' id='word_1_332' title='bbox 1054 4290 1138 4360; x_wconf 84' lang='lat' dir='ltr'><strong>Beati</strong></span> <span class='ocrx_word' id='word_1_333' title='bbox 1163 4300 1246 4371; x_wconf 81' lang='lat' dir='ltr'><strong>sunt,</strong></span> <span class='ocrx_word' id='word_1_334' title='bbox 1265 4288 1320 4379; x_wconf 82' lang='lat' dir='ltr'><strong>qui</strong></span> <span class='ocrx_word' id='word_1_335' title='bbox 1337 4296 1368 4356; x_wconf 89' lang='lat' dir='ltr'><strong>te</strong></span> <span class='ocrx_word' id='word_1_336' title='bbox 1385 4285 1541 4357; x_wconf 78' lang='lat' dir='ltr'><strong>viderunt</strong></span> 
     </span>
    </p>
   </div>
   <div class='ocr_carea' id='block_1_11' title="bbox 0 0 1800 5034">
    <p class='ocr_par' dir='ltr' id='par_1_18' title="bbox 0 0 1800 5034">
     <span class='ocr_line' id='line_1_41' title="bbox 0 0 1800 5034; baseline 0 0"><span class='ocrx_word' id='word_1_337' title='bbox 0 0 1800 5034; x_wconf 95' lang='lat' dir='ltr'><strong> </strong></span> 
     </span>
    </p>
   </div>
  </div>
 </body>
</html>
