3584 5034
304 624 349 692 82
445 648 452 659 ·
724 616 727 625 ’
797 624 924 693 susm
947 625 1041 693 llAll
1323 698 1331 721 Ι,

304 746 374 803 teus
397 733 495 812 Deus,
510 742 548 801 ut
569 734 754 804 intercessio
777 730 892 809 beatae
939 735 1104 805 domestici
1127 738 1198 826 ejus
1228 736 1351 806 vestiti.
1369 746 1446 805 suat
1471 734 1533 805 du·

303 827 420 899 llariae
442 827 568 898 Salome
584 848 643 897 nus
669 828 792 919 ubique
814 836 890 921 pro-v
937 830 1314 921 plicibus·Stragulatam
1337 840 1459 901 vestem
1483 831 1531 899 ie·

303 932 397 1011 tegat,
426 930 524 1010 atque
562 914 729 1003 defendat}⁶
746 923 892 1013 etquod
938 926 981 991 cit
1005 924 1074 991 sibi:
1109 923 1227 1017 byssus
1250 935 1283 993 et
1315 946 1459 1017 purpura
1484 925 1531 991 iu·

302 1035 322 1081 a
346 1024 377 1083 te
400 1014 575 1105 fragilitatis
596 1016 891 1097 nostrae-delectus
940 1015 1128 1084 dumeutum
1146 1020 1224 1107 ejus.
1242 1016 1367 1087 Nobilis
1384 1020 1416 1085 iu
1431 1018 1531 1108 portis

302 1106 446 1176 obtinere
478 1128 541 1177 nou
565 1118 680 1201 potest,
707 1110 775 1203 ipsa
801 1110 896 1177 iuter·
942 1111 992 1178 vir
1015 1112 1095 1199 ejus,
1136 1110 1269 1201 quando
1291 1112 1418 1188 'sederit
1455 1131 1531 1177 cum

302 1199 445 1283 cedente,
462 1212 517 1270 tua
533 1202 625 1270 uobis
653 1203 770 1294 pietate
793 1202 892 1273 done·
941 1203 1152 1281 senatoribus<
1193 1214 1305 1272 terrae.
1340 1204 1532 1280 ,Siudcuem

303 1304 363 1363 tur.
401 1296 460 1363 Per
483 1296 655 1365 Dominum
673 1306 731 1363 etc.
944 1297 1039 1379 lecit,
1064 1308 1097 1365 et
1120 1296 1282 1379 vendidit,
1309 1309 1341 1367 et
1354 1296 1532 1389 cingulum

420 1388 464 1455 lN
480 1390 511 1457 .1.
543 1389 777 1459 NOCTURNO.
943 1389 1074 1458 tradidit
1097 1390 1288 1459 Chauauaeo
1314 1446 1321 1459 .

324 1516 326 1520 ·
372 1482 419 1551 Dc
443 1482 605 1552 Parabolis
636 1482 826 1563 Salomonis.
874 1492 878 1500 ’
992 1493 1025 1567 13.
1049 1484 1170 1552 Diffusa
1192 1496 1242 1553 est
1264 1486 1364 1574 gratia
1385 1494 1447 1554 etc.
1559 1497 1561 1500 ’

530 1574 635 1645 Lectio
651 1626 652 1629 ,
668 1598 689 1643 1.
800 1628 801 1635 a
1153 1578 1260 1647 Lectio
1280 1600 1330 1646 ur.

302 1616 505 1747 Mulierem
518 1662 884 1761 fortemquisiuvcnictl
939 1625 1133 1739 Fortitudo
1144 1682 1176 1739 et
1193 1669 1293 1739 decor
1303 1669 1531 1738 indumentum

298 1762 428 1851 procul,
444 1773 479 1830 et
491 1762 532 1833 de
549 1763 669 1841 ultimis
685 1762 803 1835 linibus
818 1785 891 1857 pre·
939 1765 1020 1853 ejus,
1046 1774 1077 1831 et
1093 1762 1208 1831 ridebit
1227 1766 1262 1829 iu
1278 1764 1331 1831 die
1347 1764 1532 1831 novissimo.

302 1852 385 1921 tium
409 1855 487 1945 ejus.
511 1856 649 1943 Confidit
665 1858 697 1925 iu
712 1853 889 1927 eacorviri
938 1858 984 1925 Os
1008 1878 1105 1924 suum
1128 1856 1252 1946 aperuit
1275 1856 1459 1947 sapientiae,
1478 1909 1482 1915 .
1499 1866 1533 1924 et

299 1948 373 2029 sui,
413 1959 445 2017 et
475 1950 584 2041 spoliis
617 1972 689 2019 ,nou
728 1950 888 2040 indigebit.
936 1950 989 2019 lex
1028 1949 1217 2019 clementiae
1239 1952 1273 2015 iu
1296 1949 1406 2038 lingua
1450 1948 1531 2035 ejus.

304 2039 427 2110 Reddet
451 2060 482 2111 et
499 2044 619 2111 bouum
636 2055 667 2113 et
684 2063 748 2111 uon
771 2044 890 2113 melum
940 2042 1158 2113 consideravit
1172 2043 1300 2111 semitas
1308 2043 1425 2111 domus
1441 2060 1532 2121 suae,

298 2134 895 2231 ·emuibusdiebusuitaesuae.Quae·
942 2148 974 2205 et
996 2158 1111 2230 panem
1143 2137 1246 2204 otiosa
1285 2158 1350 2203 nou
1380 2133 1534 2204 comedit.-

297 2227 378 2295 sivit
400 2228 517 2307 lenam,
535 2240 567 2297 et
590 2231 701 2311 linum,
717 2240 749 2299 et
765 2241 895 2321 operata
942 2232 1156 2299 Surrexeruut
1180 2229 1235 2297 lilii
1259 2232 1339 2321 ejus,
1360 2240 1392 2299 et
1414 2228 1534 2296 beatis·

298 2330 354 2387 »est
383 2322 515 2390 consilio
554 2344 710 2403 manuum
749 2344 891 2391 sucrum.
940 2325 1053 2392 simam
1087 2324 1361 2415 praedicaverunt:
1386 2322 1434 2388 vir
1462 2324 1533 2410 ejus

242 2422 246 2427 ’
302 2414 402 2481 Facta
425 2426 474 2483 est
497 2417 589 2507 quasi
615 2418 707 2487 nevis
732 2417 891 2498 institoris,
939 2429 972 2487 et
1012 2417 1154 2486 laudavit
1183 2437 1263 2485 eam.
1288 2417 1406 2484 Multae
1443 2414 1529 2482 filiae

298 2504 346 2574 de
370 2506 465 2597 louge
487 2519 617 2601 portans
640 2532 762 2604 -pauem
787 2532 892 2579 suum.
940 2518 1216 2599 congregaverunt
1249 2508 1384 2587 divitias',
1419 2516 1453 2573 tu
1476 2529 1533 2575 su·

305 2598 345 2667 Et
368 2600 409 2671 de
441 2614 534 2673 nocte
564 2607 710 2697 surrexit,
741 2604 895 2695 deditque
941 2622 1109 2696 pergressa
1146 2623 1183 2669 es
1222 2602 1391 2669 universa·
1421 2600 1534 2667 Fallax

301 2694 457 2783 praedam
476 2698 659 2777 domesticis
676 2693 754 2779 suis,
771 2697 897 2767 etciba-
944 2696 1054 2785 gratia,
1078 2703 1110 2761 et
1133 2714 1215 2762 vana
1238 2704 1287 2763 est
1317 2691 1534 2786 pulchritudo:

289 2786 354 2859 ria
391 2791 528 2861 aucillis¹
561 2796 640 2861 suis.
679 2790 898 2861 Consideravit
945 2788 1060 2855 mulier
1100 2788 1214 2856 timens
1253 2788 1425 2855 Dominum
1464 2788 1535 2878 ipsa

300 2887 586 2970 .agrum,etemit
612 2908 696 2955 eum:
722 2883 894 2953 defructu
942 2880 1134 2950 laudabitur.
1176 2883 1254 2951 Date
1284 2883 1313 2950 ei
1348 2881 1389 2951 de
1427 2882 1535 2949 lructu

305 2995 463 3041 manuum
496 2998 629 3045 suarum
654 2978 809 3066 plautavit
847 2978 895 3045 vi·
942 2997 1098 3066 manuum
1146 2996 1290 3044 suerum:
1329 2986 1364 3045 et
1401 2973 1535 3043 laudent

306 3087 409 3133 neam.
433 3069 577 3136 accinxit
606 3068 789 3137 tortitudine
813 3069 897 3137 lum·
945 3091 1017 3141 eam
1040 3070 1073 3134 iu
1096 3070 1196 3159 portis
1220 3090 1317 3162 opera
1339 3071 1420 3158 ejus.

306 3159 367 3227 bus
390 3180 479 3243 suos,
496 3170 528 3229 et
544 3160 707 3230 roboravit
726 3159 894 3231 brachium
987 3165 1022 3239 d„
1046 3162 1161 3251 Specie
1185 3172 1240 3229 tua
1264 3173 1323 3230 etc.

309 3274 417 3323 suum.
1054 3255 1098 3322 ΙΝ
1124 3255 1164 3321 ll.
1189 3252 1415 3324 NOCTURNO

356 3357 390 3434 ιζ.
413 3346 491 3417 Veni
515 3348 616 3419 electa
639 3369 716 3419 mce-
735 3356 796 3417 etc.
1161 3348 1267 3415 Lectio
1290 3367 1331 3414 ιν.
1495 3367 1498 3379 ·

336 3484 360 3530 Ἰ
445 3484 446 3489 1
528 3441 635 3513 Lectio
659 3464 692 3509 11.
950 3390 1104 3509 salome
1115 3459 1197 3507 uxor
1211 3437 1375 3521 Zebedaei,
1391 3447 1425 3507 et
1440 3437 1537 3530 peril·

310 3488 498 3617 (luserit,
538 3547 570 3604 et
592 3534 674 3605 vidit
696 3535 772 3626 quia
811 3532 896 3605 bcua
943 3533 1093 3601 lustrium
1109 3532 1339 3621 Apostolorum
1348 3532 1458 3601 laucbl
1468 3554 1535 3599 ma·

308 3637 358 3698 est
392 3629 562 3718 negotiatio
602 3631 681 3720 ejus:
705 3648 771 3697 uou
795 3632 897 3698 extiu-
940 3629 1033 3717 juris,
1073 3636 1105 3692 ct
1142 3625 1279 3694 loeuuis
1317 3626 1536 3717 Evangelistee

308 3730 425 3813 guetur
454 3725 488 3789 iu
524 3732 617 3793 nocte
650 3722 782 3791 lucerua
817 3724 896 3811 ejus.
944 3716 1125 3810 spectabilis
1163 3728 1275 3801 mater,
1307 3742 1373 3789 una
1396 3720 1457 3789 luit
1495 3736 1537 3787 ex

308 3816 437 3884 llauum
461 3838 553 3884 suam
577 3818 663 3884 misit
683 3814 843 3895 aeterua,
867 3822 900 3883 et
945 3812 1057 3904 p'riruis
1080 3812 1198 3880 sanctis
1221 3814 1414 3883 mulieribus
1437 3812 1538 3881 devo·

309 3907 398 3997 digiti
411 3911 482 3998 ejus
489 3908 768 4002 apprehenderunt
781 3909 897 3975 lusura.
946 3904 1101 3972 tissimisis
1116 3905 1229 3972 Christi
1236 3907 1441 3999 sequacibus,
1453 3920 1539 4066 (guae

309 4002 438 4071 lleuum
465 4025 558 4071 suem
595 4004 720 4094 aperuit
744 4002 840 4092 inopi,
863 4010 896 4069 et
942 4008 1028 4067 tauta
1051 3999 1149 4068 eluxit
1182 3996 1257 4081 lide,
1283 4013 1320 4069 ut
1340 4013 1441 4070 aetate
1479 4002 1540 4067 icet

310 4094 433 4187 palmas
472 4118 548 4165 sues
582 4096 723 4167 extendit
747 4095 793 4163 ud
816 4116 897 4187 pau·
945 4092 1111 4182 longaeva,
1153 4103 1185 4161 et
1209 4097 1295 4162 omui
1318 4093 1469 4163 destituta
1483 4111 1538 4158 so·

311 4182 431 4280 peiem.
455 4189 526 4258 Non
551 4189 672 4260 timebit
686 4188 797 4257 domui
821 4210 900 4259 suae
947 4185 1034 4269 letio,
1071 4185 1207 4257 libenter
1240 4188 1347 4257 adbuc
1376 4193 1540 4279 pateretur

311 4302 332 4349 a
357 4279 528 4372 frigoribus
551 4284 642 4355 nivis:
678 4304 790 4355 omues
812 4284 899 4355 enim
949 4278 1071 4352 liberos
1095 4280 1181 4365 illos,
1205 4301 1226 4350 a
1248 4279 1368 4365 cuibus
1404 4278 1539 4349 unicum
