3584 5034
751 602 879 671 Festa
903 599 997 669 llatl
1443 602 1490 673 83

256 712 406 807 sperabat
442 712 605 795 auxilium,
635 712 747 783 abesse
771 713 843 797 sibi,
873 773 876 781 ,
1025 723 1031 734 “
1134 709 1217 784 Leet.
1241 732 1281 783 vr.

258 818 297 877 ut
311 808 442 893 ¹Christo
467 806 684 889 adhaererent,
709 818 741 877 et
765 818 845 876 tem-
892 756 1142 879 Profieiscenti
1155 808 1408 893 BeataeSalome
1421 831 1487 878 una

256 921 336 994 pore
360 900 602 992 praedicationis
638 922 716 969 suae
740 900 842 969 eidem
890 922 967 969 eum
990 884 1176 969 sociltisuis
1198 901 1240 968 ad
1264 901 1378 992 angeli
1394 924 1485 970 mau-

259 994 431 1064 adstarent.
471 996 612 1085 Rogante
635 1005 741 1063 tamen
780 996 850 1087 ipsa
896 991 1489 1085 datumimplendum,occurrit·lesus

259 1088 398 1173 Cristum
437 1090 557 1169 lesum,
592 1099 628 1156 ut
667 1087 740 1163 filiis
780 1088 846 1177 suis
892 1090 928 1153 in
952 1088 1063 1156 itinere
1087 1085 1260 1167 redivivus,
1279 1097 1312 1157 et
1326 1087 1488 1178 benignis·

259 1182 379 1271 primas
411 1181 508 1250 ,sedes
540 1183 572 1249 in
611 1183 719 1271 Regno
744 1180 843 1261 daret,
892 1181 1010 1248 simum
1035 1183 1082 1248 eis
1105 1200 1166 1248 eve
1189 1179 1277 1262 dixit,-
1302 1183 1397 1271 cujus
1412 1184 1488 1273 qui·
1542 1249 1545 1258 ,

257 1274 463 1363 interrogavit
486 1274 629 1343 Christus
658 1276 727 1363 ejus
752 1273 845 1355 filios,
895 1272 968 1341 dem
992 1268 1134 1362 glorioso
1173 1286 1306 1365 aspectu
1348 1277 1488 1367 primum

258 1389 337 1435 num
377 1368 525 1448 Calicem,
549 1390 647 1458 quem
684 1367 844 1435 bibiturus
891 1367 1068 1457 perterrita,
1093 1388 1169 1437 mox
1180 1379 1331 1449 recreata,
1349 1367 1486 1437 sehumi

259 1471 354 1542 esset,
382 1458 492 1529 bibere
516 1471 548 1529 et
572 1462 630 1551 ipsi
653 1459 846 1550 potuissent?
874 1470 1109 1550 prosternens,
1141 1482 1214 1529 eum
1255 1460 1410 1542 adoravit,
1456 1471 1488 1530 et

260 1552 848 1645 Illisqueparatosseseenhibentibus,
895 1574 993 1645 quem
1017 1551 1250 1641 flagrantissimi
1273 1558 1390 1623 amoris
1404 1554 1490 1623 desi-

261 1646 403 1715 Christus
438 1648 540 1737 inquit
575 1648 712 1715 Calicem
744 1668 852 1714 meum
899 1645 989 1715 derio
999 1648 1097 1736 paulo
1113 1657 1186 1714 ante
1201 1638 1413 1737 quaesiverat,
1426 1646 1487 1716 sed

259 1738 385 1820 bibetis
409 1740 522 1809 sedere
545 1751 652 1807 autem
676 1740 717 1807 ad
743 1739 853 1809 dexte·
900 1759 964 1806 uon
988 1740 1160 1819 invenerat,
1177 1762 1243 1808 non
1258 1742 1363 1809 solum
1380 1740 1492 1809 videre

260 1855 330 1901 rem
353 1855 468 1915 meam,
511 1834 562 1903 vel
590 1834 746 1901 sinistram
787 1853 852 1899 uon
900 1842 990 1912 tunc,
1013 1832 1250 1922 atqueaudire,
1267 1836 1491 1905 verumetiam

260 1936 310 1995 est
334 1948 441 2021 meum
465 1924 542 1995 dare
567 1926 669 2010 vobis,
693 1926 751 1995 sed
777 1927 849 2017 qui·
896 1935 929 1992 et
951 1928 1089 2015 propriis
1114 1927 1264 1995 manibus
1286 1927 1387 2019 pedes
1419 1928 1490 2017 dus

259 2018 322 2093 bus
345 2030 492 2111 paratum
514 2030 564 2089 est
587 2040 606 2087 a
629 2021 721 2089 Patre
745 2040 826 2089 meo.
898 2028 1006 2087 tenere
1037 2022 1161 2088 meruit.
1201 2022 1258 2087 llis
1297 2020 1491 2088 coelestibus

308 2126 342 2199 up.
360 2115 499 2203 *Propter
522 2115 686 2181 veritatem
709 2123 769 2181 etc.
877 2110 991 2205 donis
1030 2111 1173 2193 ditatam,
1214 2123 1414 2183 constantem
1458 2115 1492 2181 in

502 2207 585 2273 Leot.
615 2226 644 2273 r.
900 2203 976 2287 fide,
1000 2226 1059 2296 spe
1096 2206 1239 2289 divitem,
1284 2208 1412 2275 caritate
1452 2228 1493 2275 ac

262 2252 364 2366 Fue
387 2301 482 2367 etiam
507 2300 598 2366 Beata
623 2298 749 2368 Salome
787 2320 853 2366 una
900 2297 1083 2368 fortitudine
1107 2300 1237 2380 claram,
1261 2298 1348 2391 apud
1377 2300 1490 2369 Herni-

262 2414 303 2461 ex
325 2391 388 2459 illis
413 2390 610 2474 mulieribus,
631 2414 714 2484 quae
730 2395 855 2481 insigne
902 2409 959 2459 ces
983 2391 1111 2462 tandem
1126 2394 1158 2459 in
1174 2395 1313 2463 Domine
1330 2394 1493 2483 quievisse

261 2484 339 2555 fidei
365 2508 443 2555 suae
480 2488 642 2578 specimen
684 2484 851 2566 dederunt,
899 2485 1041 2575 produnt
1064 2498 1172 2555 vetera
1196 2497 1402 2556 monumenta
1427 2489 1488 2553 Ee·

261 2600 339 2648 cum
362 2582 471 2659 lesum
495 2579 655 2647 Christum
682 2578 722 2646 ad
740 2580 852 2647 Calva-
899 2577 1015 2645 clesiae
1039 2578 1226 2657 verulanae,
1265 2575 1324 2646 ubi
1362 2597 1491 2645 sacrum
1606 2670 1609 2677 Ι

261 2674 344 2741 rium
361 2672 552 2753 tendentem,
570 2684 601 2739 et
619 2677 649 2739 in
671 2672 850 2763 patibulum
900 2670 971 2759 ejus
995 2671 1120 2761 Corpus
1143 2672 1287 2761 piissime
1310 2670 1436 2738 colitur.

263 2766 376 2833 Crucis
403 2765 522 2833 elatum
563 2768 730 2833 comitatae
768 2776 852 2845 sunt;
948 2773 981 2844 n.
1005 2764 1114 2831 Fallax
1137 2764 1236 2854 gratia
1260 2775 1321 2835 etc.

263 2880 330 2925 una
353 2857 446 2925 etiam
471 2858 531 2924 luit
555 2879 639 2947 quae
662 2860 853 2948 comparatis
1009 2857 1053 2923 ΙΝ
1077 2858 1133 2923 111.
1159 2858 1382 2938 NOCTURNO
1426 2904 1430 2911 ι

262 2950 466 3020 aromatibus
485 2950 525 3017 ad
542 2950 757 3019 condiendum
774 2952 852 3018 Cor·
945 2949 1052 3017 Lectio
1077 2952 1181 3020 Sancti
1199 2951 1359 3042 Evangelii
1375 2972 1490 3018 secun·
1521 3024 1524 3027 ,

261 3068 324 3135 pus
352 3044 464 3111 Christi
489 3043 551 3111 sub
578 3061 725 3111 auroram
743 3045 853 3111 Domi·
899 3038 979 3126 dum
1003 3044 1204 3113 Matthaeum.

263 3138 356 3206 nicae
373 3138 440 3206 ‚diei
465 3136 508 3204 nd
530 3138 600 3227 ejus
611 3148 853 3205 mouumentum
1052 3140 1135 3207 hert.
1171 3159 1224 3206 vu.
1320 3143 1396 3227 Gap.
1437 3140 1491 3204 20.

260 3230 431 3310 accedens,
472 3232 629 3321 Angelum
669 3231 717 3298 ibi
772 3230 853 3299 vidit
905 3185 960 3298 ln
991 3229 1047 3299 illo
1086 3242 1255 3321 tempore·
1278 3233 1412 3298 accessit
1449 3229 1492 3296 ad

261 3324 393 3414 fulgenti
406 3325 526 3393 laoieet
542 3321 677 3391 candide
694 3337 780 3393 veste
791 3348 848 3392 su·
895 3327 1004 3392 iesum
1030 3334 1131 3391 mater
1155 3324 1298 3391 liliorum
1336 3322 1491 3393 ebesan
1531 3408 1533 3412 .

262 3438 321 3508 per
351 3416 488 3508 lapidem
500 3418 664 3509 sepulchri
675 3418 848 3497 sedentem,
897 3436 973 3484 cum
990 3415 1063 3482 liliis
1078 3418 1148 3483 suis
1165 3414 1314 3497 adorans,
1330 3428 1365 3486 et
1378 3430 1491 3510 petens

251 3532 283 3587 ‚a
306 3530 373 3599 quo
403 3513 541 3601 primum
582 3511 704 3579 audivit
742 3514 853 3579 lesum
901 3508 1022 3599 aliquid
1047 3508 1089 3576 ab
1113 3530 1162 3578 eo.
1188 3510 1375 3601 Etreliqua.

261 3605 483 3685 resurrexisse,
510 3612 543 3672 et
581 3603 679 3693 digna
719 3607 852 3695 insuper
901 3602 1040 3671 llomilia
1048 3604 1154 3672 Sancti
1168 3604 1325 3693 Fulgentii
1341 3602 1491 3694 Episcopi

262 3694 333 3775 luit,
357 3703 404 3761 ut,
415 3696 455 3762 ah
472 3698 593 3785 dugelo
610 3718 763 3765 unacum
781 3698 850 3764 aliis
1003 3698 1156 3772 Sermone
1172 3700 1210 3767 de
1225 3698 1306 3787 filiis
1325 3694 1491 3763 Zebedaei.

262 3786 392 3855 duabus
417 3789 607 3857 mulieribus
630 3790 799 3877 eligeretur
819 3792 851 3857 in
899 3744 991 3881 Qui
1036 3790 1131 3858 sedes
1170 3812 1268 3880 super
1319 3785 1491 3855 Cherubim

263 3882 414 3948 nunciam
442 3884 580 3973 mysterii
612 3885 854 3949 resurrectionis
902 3903 1021 3973 appare
1038 3904 1146 3950 coram
1171 3882 1329 3973 Ephraim,
1352 3891 1393 3946 ,et
1434 3880 1493 3945 ee-

264 3974 381 4043 Christi
407 3978 564 4041 monitura
588 3974 777 4065 discipulos,
817 3988 854 4042 ut
901 3976 1030 4057 niamin,
1055 3986 1087 4043 et
1111 3978 1262 4042 hiemasse.
1287 3975 1357 4039 Hoc
1381 3971 1493 4043 audie

264 4070 298 4135 iu
322 4066 493 4135 Galilaeam
518 4078 697 4159 pergerent,
722 4069 749 4136 si
779 4090 855 4137 eum
902 4079 962 4147 rat,
985 4080 1018 4137 et
1040 4068 1181 4157 legendo.
1203 4066 1357 4133 didicerat
1397 4068 1492 4134 Beata

266 4162 385 4231 vellent
409 4160 590 4229 redivivum
612 4160 730 4230 videre.
904 4162 1004 4230 llater
1026 4161 1172 4228 liliorum.
1195 4157 1360 4239 Zebedaei,
1389 4172 1421 4227 et
1444 4162 1492 4226 in-

312 4258 344 4333 ll.
368 4254 512 4347 Dilexisti
531 4254 682 4345 justitiam
708 4265 783 4323 etex.
906 4254 1024 4324 tellexit
1048 4254 1218 4323 Dominum
1241 4274 1340 4344 super
1356 4252 1491 4361 ,Cheru-
