3584 5034
657 655 807 722 unsri
831 613 1059 724 oucuunins
1425 631 1489 724 in

244 780 284 810 '¹
355 766 398 832 ΙΝ
422 765 479 832 lll.
502 765 734 835 NOCTURNO.
835 823 839 830 .
890 790 990 857 gnum
1013 768 1069 836 Dei
1094 777 1224 852 tantum
1252 766 1343 846 valet,
1384 787 1486 856 quan-

295 860 402 928 Leotio
425 860 457 926 S.
482 859 646 949 Evangelii
666 859 845 929 seeundum
892 872 962 930 turn
987 859 1094 928 habes.

247 953 451 1022 Matthaeum.
767 997 771 1006 -
940 957 972 1030 tt.
994 953 1112 1022 Videns
1135 972 1275 1022 crucem.
1305 973 1308 978 ¹

331 1050 413 1116 Lect.
436 1069 491 1114 vu.
689 1048 763 1138 Cap.
791 1048 822 1112 l.
1120 1047 1206 1116 Lectss
1227 1065 1269 1114 rx.

248 1097 306 1210 ln
331 1141 385 1207 illo
408 1152 562 1231 tempore:
586 1141 762 1210 Ambulans
793 1144 846 1208 te·-
894 1095 1033 1208 valult
1057 1163 1197 1230 namque
1235 1138 1378 1207 Zachaeo
1401 1137 1493 1202 dimi·
1616 1211 1621 1219 ¹

249 1259 308 1304 sus
333 1237 426 1324 juxta
465 1257 552 1302 mare
592 1236 741 1313 Galileae‚
772 1233 852 1302 vidit
899 1233 989 1300 dium
1014 1233 1236 1313 substantiae,
1285 1235 1363 1324 quia
1403 1230 1523 1300 dimi-¹
1603 1245 1632 1280 f

249 1331 334 1396 duos
359 1329 480 1408 fratres,
506 1328 678 1408 Simonem,
703 1329 762 1416 qui
791 1347 849 1394 voa
897 1327 988 1396 dium
1014 1328 1100 1395 aliud
1124 1327 1166 1395 ad
1191 1328 1262 1406 hoc,
1287 1326 1377 1414 quod
1414 1325 1495 1412 inju⁴

229 1426 343 1492 ¹catur
381 1423 504 1502 Petrus,
531 1432 562 1489 et
586 1419 746 1488 Andream
786 1422 848 1487 lra-
894 1431 942 1488 ste
959 1420 1099 1504 abstulit,
1120 1419 1350 1490 restituendum
1368 1421 1398 1486 in
1415 1419 1495 1508 qna·
1594 1407 1611 1436 ³

250 1527 331 1584 trem
356 1516 436 1603 ejus,
461 1517 618 1596 mittentes
643 1526 708 1582 rete
731 1517 849 1580 inma-
896 1508 1255 1605 druplunr'reservavit.
1281 1513 1387 1580 Valuit
1403 1513 1495 1602 Petro
1567 1573 1570 1581 s

251 1631 296 1677 re.
323 1607 365 1675 Et
385 1609 518 1697 reliqua.
898 1618 931 1674 et
954 1607 1110 1689 Arrdreae,
1135 1608 1272 1674 dimissis
1298 1605 1437 1684 retibus,
1460 1617 1493 1672 et

299 1694 347 1769 De
378 1700 515 1768 Homilia
560 1702 667 1770 Sancti
706 1701 849 1790 Gregorii
896 1703 979 1768 navi.
1021 1702 1126 1770 Valuit
1149 1712 1181 1768 et
1211 1701 1328 1768 viduae
1365 1695 1517 1767 duobus'

251 1796 367 1887 Papae.
391 1793 535 1863 Humilia
560 1799 591 1863 5.
615 1795 651 1864 r‘n
675 1795 824 1883 Eoonpel.
895 1795 1033 1862 minutis.
1061 1795 1163 1861 Valuit
1185 1794 1274 1861 alteri
1299 1793 1429 1865 calicem
1455 1815 1490 1858 a·

440 1963 445 1972 ,
897 1909 983 1977 quae
1022 1888 1161 1975 frigidae.
1204 1889 1359 1974 Regnum.
1387 1891 1494 1975 itaque

254 1933 428 2050 Multum
452 1979 578 2062 dimisit,
620 1981 775 2074 quicum
816 2001 851 2048 re
897 1981 967 2060 Dei,
991 1992 1028 2048 ut
1051 1981 1198 2060 diximus
1238 1992 1360 2048 tantum
1400 1982 1494 2062 valet,

252 2097 401 2169 possessa
438 2078 534 2142 etiam
582 2073 850 2165 concupiscentiis
895 2085 1053 2165 quantum
1078 2074 1185 2143 habes.

253 2168 453 2237 renuntiavit.
477 2175 504 2234 Λ
528 2167 737 2256 sequentibus
760 2175 846 2248 tanta
940 2168 984 2236 Te
1007 2169 1110 2235 Deum
1135 2168 1314 2250 laudamus
1341 2179 1401 2236 etc.
1520 2217 1525 2230 .

127 2318 128 2341 ,
254 2261 384 2329 dimissa
406 2271 492 2342 sunt,
516 2271 635 2351 quanta
658 2283 678 2326 a
701 2282 765 2327 non
800 2253 875 2328 se?
1177 2299 1220 2310 υ-

127 2376 132 2400 ²
254 2354 430 2446 quentibns
455 2354 639 2444 concupisci
669 2363 851 2444 potuerunt.
1130 2355 1200 2420 DIE
1226 2357 1255 2422 l.

253 2451 356 2526 Nemo
379 2450 473 2537 igitur
488 2449 582 2516 etiam
598 2469 674 2515 cum
691 2446 850 2538 quosdam
944 2437 1171 2514 &Bramme
1212 2449 1285 2518 rruo.
1309 2451 1454 2517 Manum.

255 2544 411 2633 conspicit
433 2542 533 2609 multa
557 2541 734 2632 reliquisse,
766 2540 853 2631 apud
1156 2540 1239 2627 dupl.

255 2637 463 2728 semetipsum
486 2634 579 2702 dicat:
603 2635 720 2702 Imitari
739 2633 850 2701 mundi
947 2631 1065 2702 Ornnr'o
1088 2634 1124 2701 de
1152 2633 1319 2702 Communi
1349 2635 1447 2723 Virp,
1466 2647 1495 2702 et

256 2728 352 2818 hujus
390 2739 624 2820 contemptores
663 2728 764 2809 volo,
794 2726 852 2796 sed
900 2727 996 2796 Mart.
1017 2739 1141 2822 praeter
1164 2748 1211 2806 en,
1228 2749 1304 2816 qnae
1320 2727 1495 2817 sequuntur-l

255 2821 345 2912 quod
369 2823 546 2911 relinquam
563 2843 627 2889 nou
643 2820 755 2890 habeo.
773 2822 854 2888 llut-
1058 2885 1061 2894 ,
1130 2818 1248 2889 'Oratio

127 2918 128 2923 ’
255 2927 334 2993 tum,
360 2916 482 2994 fratres,
508 2915 695 3004 relinquitis,
718 2916 745 2982 si
771 2913 854 2983 desi-
905 2872 1123 2994 luteroessio,
1149 2935 1347 3004 quaesumus
1363 2915 1497 2983 Domine

256 3006 352 3077 deriis
374 3009 506 3096 terrenis
530 3010 725 3074 renuntiatis.
899 3009 1011 3077 beatae
1034 3006 1190 3076 Barbarae
1206 3008 1355 3097 Virginis,
1367 3021 1400 3076 et
1416 3011 1496 3076 llar-

127 3108 129 3155 l
300 3104 333 3180 tl.
357 3103 469 3172 Oravit
490 3112 620 3168 sanctus
643 3102 796 3170 Andreas.
842 3149 847 3160 ·
900 3105 980 3196 tyris
1004 3112 1087 3182 tuae,
1113 3099 1154 3168 ab
1180 3103 1265 3192 omni
1291 3122 1349 3170 nos
1383 3099 1497 3170 adver-

127 3212 129 3239 *
199 3209 202 3212 ’
287 3243 307 3278 q
477 3197 649 3263 Lectum
900 3201 992 3265 nitate
1016 3205 1171 3285 protegen
1196 3207 1231 3261 ut
1254 3217 1311 3286 per
1340 3197 1411 3284 ejus
1449 3197 1497 3262 in-

258 3241 590 3357 herinaceum
615 3298 722 3354 nostra
744 3287 851 3354 Domi·
897 3300 1086 3368 terventum,
1104 3288 1367 3377 gloriosissimum
1384 3289 1499 3358 Sacro·

259 3393 481 3472 acquantum
517 3381 594 3450 libet
632 3403 732 3472 parva
764 3380 855 3449 suffi·
903 3385 1002 3452 sancti
1019 3383 1180 3472 Corporis,
1199 3393 1231 3451 et
1246 3383 1416 3472 Sanguinis
1434 3385 1497 3451 Do-

260 3478 358 3570 ciuot:
382 3496 439 3543 cor
462 3498 612 3567 namque,
636 3485 668 3542 et
691 3495 757 3542 non
780 3475 858 3542 sub·
909 3477 983 3544 mini
1010 3477 1106 3542 nostri
1133 3478 1206 3544 lesu
1234 3476 1346 3544 Christi
1385 3479 1497 3546 Sacra·

259 3568 413 3636 stantiam
445 3581 567 3660 pensat,
592 3588 652 3636 nec
675 3567 854 3660 perpendit,
904 3580 1058 3649 mentum,
1084 3579 1156 3636 ante
1180 3570 1263 3638 diem
1280 3562 1385 3639 exitus
1401 3569 1500 3638 nostri

260 3672 418 3751 quantum
442 3665 473 3729 in
497 3664 567 3752 ejus
589 3662 757 3742 sacrificio,
796 3661 854 3730 sed
903 3686 960 3754 per
983 3683 1090 3730 veram
1116 3667 1352 3752 poenitentiam,
1377 3676 1410 3732 et
1438 3685 1499 3752 pu-

259 3777 300 3822 ex
323 3766 444 3845 quanto
485 3758 672 3846 proseratur.
714 3755 793 3822 Nau
830 3756 856 3822 si
905 3779 970 3824 ram
997 3756 1228 3824 consessionem
1252 3761 1415 3849 percipere
1431 3777 1497 3824 me-

261 3850 450 3916 exteriorem
472 3850 679 3917 substantiam
718 3869 855 3938 perpen-
902 3871 1039 3918 reamur.
1064 3851 1126 3929 Qui
1151 3862 1256 3918 tecum
1281 3851 1368 3931 vivit,
1392 3859 1451 3918 etc.

261 3941 393 4022 damus,
412 3961 489 4012 ecce
512 3944 611 4010 sancti
651 3941 860 4029 negotiatores
1033 3943 1074 4008 Ill
1100 3941 1124 4008 l.
1149 3944 1372 4013 NOCTURNO

259 4037 366 4103 nostri
391 4047 577 4126 perpetuam
601 4037 796 4124 Angelorum
812 4035 859 4102 vi·
999 4036 1081 4105 Lect.
1106 4037 1144 4104 de
1170 4036 1276 4126 Scrip.
1299 4060 1400 4108 occur.

262 4141 337 4210 tam,
361 4129 442 4196 datis
466 4130 586 4197 retibus
608 4140 641 4196 et
664 4129 736 4196 navi
772 4150 854 4196 mer·
1018 4130 1062 4198 ΙΝ
1087 4127 1128 4196 ll.
1151 4131 1374 4202 NOCTURNO

260 4224 322 4290 eati
347 4234 431 4291 sunt
454 4223 710 4291 Aestimationem
734 4222 854 4313 quippe
1125 4227 1208 4294 Lect.
1233 4245 1273 4292 ιν.

159 4374 161 4378 .
262 4313 355 4408 pretii
378 4338 442 4389 uon
466 4315 571 4400 habet
595 4315 653 4388 ted
675 4327 790 4388 tamen·
804 4339 854 4394 re·
903 4271 1072 4393 Barbara
1103 4320 1197 4412 Virgo
1237 4321 1499 4402 nicomediensis,
