3584 5034
710 644 836 714 resta
862 645 968 717 JULII
1380 640 1443 709 tos

224 756 277 827 ubi
320 766 417 849 ceput
466 760 639 827 reclinaret.
663 808 665 813 -
691 758 807 827 Christi
852 762 961 851 itaque
975 756 1135 827 charitatis
1146 754 1294 825 incendio
1309 754 1441 823 decum-

224 850 465 921 mansuetudine
488 852 629 933 indutus,
645 871 719 919 cum
744 872 813 920 om·
857 852 937 921 bens
960 854 1104 943 spiritum
1126 853 1197 919 Deo
1220 848 1326 917 reddit
1348 848 1443 915 Valli-

224 948 324 1013 nibus.
342 945 462 1035 patiens
485 946 545 1013 luit
567 946 809 1027 et‘misericors3
856 947 947 1014 soleti
971 946 1023 1013 die
1053 946 1182 1013 decima·
1199 942 1314 1035 Aprilis
1353 947 1445 1007 Anno

225 1041 275 1119 iis,
316 1042 373 1127 qui
413 1038 471 1104 sibi
507 1039 716 1107 contumelias
752 1048 810 1106 aut
855 1040 1022 1107 millesimo
1045 1038 1275 1107 sexcentesimo
1292 1035 1456 1123 vigesimo

225 1132 377 1199 damnum
398 1132 577 1213 intulerant,
608 1154 733 1222 semper
748 1154 807 1223 pro
855 1144 969 1223 quarto
1008 1134 1118 1199 aetatis
1153 1151 1235 1198 snae
1284 1129 1445 1216 trigesimo
1491 1151 1495 1162 “

227 1227 309 1291 malo
334 1223 455 1289 bonum
470 1225 613 1308 reddidit.
641 1226 758 1291 lnviota
778 1226 808 1291 in
857 1229 958 1292 tertio.
981 1226 1084 1305 Quem
1103 1225 1209 1291 multis
1227 1234 1299 1290 ante
1322 1231 1355 1290 et
1378 1232 1451 1311 post

230 1318 709 1386 adversisenituitfortitudine.
737 1321 813 1385 Pru·
861 1318 985 1385 obitum
1012 1318 1174 1385 miraculis
1210 1317 1332 1385 clarum
1356 1316 1450 1381 Sum-

230 1412 433 1478 dentissimus
451 1414 481 1476 in
503 1411 637 1479 aliorum
655 1413 814 1497 regimine,
862 1434 936 1477 mus
956 1412 1104 1479 ‘Pontilex
1129 1412 1204 1498 Eius
1233 1412 1348 1477 Sextus
1371 1410 1451 1475 ‘Bea-

229 1504 288 1571 sihi
313 1524 349 1569 se
359 1503 501 1592 judicem
518 1508 719 1583 acerrimum,
742 1503 816 1571 reli·
861 1514 965 1571 torum
994 1506 1079 1571 lastis
1103 1504 1279 1593 adscripsit.
1297 1503 1371 1567 Pius
1388 1502 1452 1568 No-

230 1600 305 1687 quis
316 1616 392 1664 vero
409 1596 671 1665 humanissimum
697 1608 818 1687 patrem
866 1619 927 1664 nus
968 1599 1109 1665 Pontifex
1159 1598 1319 1663 ‘Maximus
1358 1615 1452 1662 sacro

231 1690 381 1758 exhibuit
868 1690 1080 1757 cardinalium
1130 1691 1331 1778 aliorumque
1387 1690 1453 1755 lere

448 1778 554 1851 Lectio
569 1802 611 1849 vr.
646 1820 649 1829 ·
724 1786 726 1793 '
868 1793 1081 1850 tercentorum
1121 1786 1310 1851 entistitum
1344 1782 1454 1850 Eccle-

170 1902 176 1911 ·
232 1827 338 1943 Cum
363 1876 466 1945 Deum
490 1877 570 1944 totis
604 1874 728 1943 viribus
750 1874 821 1942 dili·
867 1879 934 1943 siae
957 1885 989 1943 et
1028 1877 1230 1969 apostolicae
1268 1874 1361 1942 Sedis
1379 1877 1454 1965 jura

229 1980 326 2057 geret,
350 1970 391 2036 ab
415 1973 487 2059 ipso
504 1972 648 2037 maximis
672 1969 816 2059 locuple·
862 1980 991 2037 strenue
1014 1981 1124 2037 contra
1141 1968 1322 2036 insidiantes
1345 1969 1453 2036 hostes

229 2062 289 2131 tari
313 2063 429 2129 meruit
455 2060 706 2131 charismatibus.
737 2064 817 2129 Nam
863 2065 1132 2153 propugnantium
1147 2064 1264 2129 Senatu
1275 2060 1455 2129 circumda·

229 2155 351 2223 crebris
370 2166 405 2221 et
437 2154 579 2222 mirificis
636 2155 820 2246 rapiebatur
867 2166 931 2234 tus,
957 2168 1138 2224 recurrente
1163 2156 1279 2245 plausu
1304 2155 1408 2225 Urbis¹
1423 2164 1456 2221 et
1527 2172 1532 2183 ’

227 2247 416 2328 aestasibus‚
441 2248 561 2337 quibus
584 2248 634 2315 vel
659 2250 690 2315 in
714 2248 814 2314 subli·
863 2248 976 2328 Orbis
1007 2268 1099 2318 sacro
1153 2250 1354 2317 Pentecostes
1404 2246 1456 2315 die

228 2363 282 2407 me
306 2351 372 2408 toto
396 2340 583 2429 assurgebat
606 2361 750 2432 corpore,
767 2340 817 2408 vel
865 2343 1073 2410 octavalunii
1096 2343 1170 2409 anni
1183 2342 1339 2410 millesimi
1353 2340 1453 2409 octin-

230 2434 355 2501 eoelum
380 2436 551 2503 ascendere
567 2433 734 2502 videbatur
745 2454 820 2501 cum
867 2437 1030 2522 geutesimi
1055 2436 1240 2521 sexagesimi
1265 2433 1400 2503 secundi
1424 2435 1457 2498 in

233 2538 290 2593 aut
313 2527 353 2595 de
377 2530 432 2595 Dei
459 2528 595 2595 bonitate
625 2528 830 2617 loqueretur„
869 2528 1018 2594 Vaticana
1055 2528 1188 2594 Basilica
1239 2528 1328 2594 illum
1363 2527 1455 2593 novis
1485 2550 1495 2567 0

215 2630 289 2698 ,aut
311 2623 409 2689 sacris
433 2643 567 2713 operans
598 2622 730 2689 calicem
754 2620 817 2687 ele·
866 2621 1038 2707 fulgentem
1062 2619 1159 2706 signis
1193 2620 1381 2686 Sanctorum
1404 2639 1459 2684 ea·
1544 2692 1547 2696 ¹

232 2724 330 2780 vacet.
355 2716 420 2781 Nec
438 2716 549 2782 minori
562 2736 636 2803 erga
660 2714 822 2805 proximos
868 2714 996 2802 thalogo
1019 2713 1155 2804 solemni
1178 2714 1239 2778 ritu
1262 2711 1434 2779 accensuit.

234 2804 387 2873 charitate
410 2804 569 2895 flagrabat,
594 2828 677 2895 quos
700 2816 732 2873 et
755 2807 820 2894 pri·
972 2807 1016 2873 IN
1042 2809 1099 2874 lll.
1124 2806 1347 2874 NOCTURNO

233 2900 315 2966 vatis
338 2901 476 2967 consiliis
495 2891 530 2967 et
555 2899 713 2988 pubblicis
744 2918 820 2964 con·
867 2901 904 2966 L.
926 2911 961 2968 ut
985 2900 1020 2967 in
1043 2905 1119 2992 festo
1143 2903 1179 2968 S.
1204 2898 1328 2990 Alopsii
1360 2899 1456 2972 Gens.
1501 2918 1512 2939 ·

235 2991 382 3059 sionibus
407 3004 439 3059 et
475 2993 605 3060 assidua
629 2992 822 3059 sacramenti
1140 3034 1181 3044 -

233 3084 451 3153 Paenitentiae
485 3084 752 3153 administratione
771 3086 825 3173 ju·
984 3126 987 3134 ·
1039 3087 1242 3154 DOlllNlCh
1265 3088 1289 3154 I.

237 3200 313 3246 vare
326 3202 489 3269 nunquam
507 3180 724 3271 praetermisit.
740 3178 821 3245 Cum
916 3182 999 3249 Post.
1032 3184 1180 3259 Oetaeam
1217 3183 1269 3248 Ss.
1301 3179 1459 3266 Apostolo-
1571 3218 1575 3226 ι

234 3293 314 3338 vero
355 3276 486 3341 virtutes
525 3275 594 3362 ejus
625 3294 689 3338 non
712 3271 825 3361 pepuli
871 3294 943 3339 runt
957 3273 1053 3354 Petri,
1068 3286 1096 3341 et
1110 3273 1204 3341 Pauli
1223 3271 1459 3361 noat'mpcdr'tu.

236 3365 345 3447 modo,
369 3367 427 3437 sed
452 3368 510 3435 viri
541 3368 701 3457 principes
725 3366 825 3431 admi·
922 3375 924 3378 ’
958 3367 1151 3433 Counsxron.
1176 3368 1311 3434 Ourumr
1330 3368 1379 3433 Ss.

236 3472 393 3542 narentur,
420 3483 457 3529 ea
489 3471 599 3527 tamen
623 3470 689 3526 erat
728 3457 823 3524 animi
1092 3461 1123 3524 S.
1149 3462 1183 3525 R.
1208 3462 1243 3525 ll.

194 3632 196 3638 A
235 3550 418 3621 dimissione
456 3564 492 3620 ut
530 3576 567 3621 so
613 3551 824 3620 daemonibus
941 3582 944 3589 ·
981 3553 1123 3620 Sannoi.
1147 3555 1339 3621 Poxrrrtcmx

236 3643 825 3733 ipsisdeteriorcmaffirmareththu-
1109 3648 1225 3735 duplam

236 3740 323 3804 mani
366 3742 488 3825 generis
533 3740 732 3828 Redemptor,
773 3737 825 3801 cui
1048 3740 1099 3807 Ad
1129 3743 1293 3829 Vesperos‘

238 3830 377 3899 exaltare
425 3830 559 3899 humiles
617 3834 648 3897 in
707 3829 826 3895 deliciis
876 3860 878 3867 >
914 3830 1042 3921 aalma.
1067 3835 1171 3899 Sancti
1189 3837 1235 3900 tui
1253 3829 1463 3900 Dominello-

237 3934 298 4004 est,
323 3924 408 3991 hunc
433 3942 560 3989 servum
578 3946 672 3989 suum
698 3921 823 3988 fidelem
870 3923 995 3989 nebunt.
1020 3948 1091 3992 curn
1126 3926 1258 4015 relt'qur's
1289 3929 1326 3994 de
1361 3927 1461 3994 Laud.

237 4002 394 4109 peculiari
417 4016 520 4097 voluit
550 4017 690 4083 illustare
713 4014 820 4105 prodi·
913 4018 1030 4085 Psulm.
1061 4019 1142 4084 Dixit
1170 4021 1344 4091 Dominus.
1384 4030 1455 4087 com

238 4114 303 4200 glo,
325 4132 392 4201 quo
417 4111 486 4201 ipse
509 4108 606 4175 divini
630 4110 679 4175 sui
715 4108 821 4175 cordis
865 4109 998 4199 reliquis
1036 4114 1074 4180 dc
1113 4110 1298 4195 flaminica,
1335 4126 1364 4181 et
1392 4114 1456 4182 loco

236 4203 654 4274 mistica-commutationem
667 4224 741 4270 cum
753 4221 824 4269 cor·
871 4202 987 4271 ulb'mi.
1004 4206 1123 4273 Psalm.
1139 4200 1280 4276 Lauda'te
1291 4208 1461 4283 Dominum

240 4296 282 4367 de
296 4297 383 4367 illius
406 4296 643 4389 iniredignatus
665 4306 725 4367 est.
758 4296 829 4363 Hoc
875 4314 987 4367 ornnes
1010 4308 1127 4387 gentes.
1295 4308 1336 4389 θ
