3584 5034
324 663 388 730 rm
590 693 593 696 ⁴
735 659 867 730 nusrr'
885 647 1148 732 sacramus>

188 799 196 812 ·
315 775 420 842 minus
443 756 674 864 subsequenter
690 770 844 862 adjunxit:
860 785 906 842 -et
953 786 1050 866 caput
1074 798 1194 857 meum,-
1217 763 1312 844 etad
1335 763 1444 844 lumen
1471 785 1541 865 ejus

205 934 207 943 ,
318 867 374 956 qui
386 866 563 957 perdiderit
574 868 709 937 animam
723 867 813 934 suam
832 888 907 958 pro·
954 869 1166 936 ambulabam.
1204 866 1206 872 ’

315 969 386 1050 pter
410 981 470 1041 me,
496 961 632 1030 inveniet
655 982 733 1028 eam.
757 962 818 1042 Qui
835 983 907 1050 per·
1000 961 1123 1051 Antipir.
1138 962 1300 1032 'sziberasti
1319 983 1379 1041 me,
1397 963 1539 1044 Domino,

316 1051 439 1133 diderit,
465 1054 576 1144 iniquit
601 1065 729 1144 propter
752 1076 813 1131 me,
837 1063 901 1120 tota
950 1075 969 1120 a
993 1056 1190 1142 rugientibus
1217 1055 1409 1147 praeparatis
1441 1053 1481 1122 ad
1506 1077 1540 1124 o·

317 1165 414 1212 causa
436 1145 483 1211 ibi
506 1158 562 1214 est.
578 1147 639 1227 Qui
658 1146 828 1237 perdiderit
844 1166 906 1213 uon
953 1167 1050 1228 scam,
1078 1161 1244 1240 propterea
1270 1147 1469 1220 benedicam,
1484 1169 1541 1218 no·

319 1239 635 1329 quomodocumque,
666 1259 729 1312 non
768 1237 908 1327 qualibet
934 1240 1028 1306 ,mini
1054 1242 1188 1307 Domini.
1549 1255 1552 1262 '

317 1346 425 1412 causa,
449 1333 504 1400 sed
530 1340 658 1424 propter
681 1355 741 1400 me.
760 1332 807 1397 iili
824 1333 907 1399 euim
967 1348 968 1351 ’
1002 1333 1125 1421 Antiph.
1139 1335 1216 1422 <Ego
1240 1345 1345 1402 autem
1370 1335 1400 1400 in
1419 1333 1541 1422 justitia

318 1425 351 1491 in
375 1425 536 1515 prophetia
555 1427 631 1516 jam:
647 1424 792 1492 dixerunt
828 1425 907 1492 Mar·
952 1425 1113 1516 apparebo
1122 1431 1303 1519 conspectui
1322 1438 1387 1508 tuo,
1404 1427 1541 1495 satiabor

319 1526 414 1609 tyres.
442 1522 618 1610 Propter'te
628 1517 843 1606 justificamur
861 1529 908 1585 to·
956 1538 1030 1586 curn
1055 1522 1236 1611 apparuerit
1259 1521 1357 1610 gioria
1382 1530 1450 1586 tua.

320 1621 353 1677 ta
375 1609 427 1680 die
464 1623 630 1702 propterea
654 1611 820 1702 Martyrum
843 1632 908 1680 non
1087 1614 1214 1702 'Capit
1304 1615 1392 1680 Rom.
1417 1613 1447 1679 8.

320 1703 398 1771 iacit
419 1725 533 1795 poena,
560 1704 617 1772 sed
640 1719 747 1771 cansa.
857 1706 878 1777 ,’
896 1715 911 1762 “.
1008 1715 1114 1772 ratres:
1140 1710 1336 1796 quicumque
1352 1705 1462 1796 spiritu
1484 1703 1540 1773 Dei

591 1804 635 1846 '-
956 1810 1113 1887 aguntur,
1141 1801 1159 1864 ii
1184 1810 1259 1865 sunt
1283 1799 1336 1864 [iiii
1379 1797 1446 1864 Dei.
1471 1798 1542 1864 Non

541 1889 610 1956 DIE
634 1889 686 1956 lv.
954 1893 1038 1958 enim
1073 1892 1239 1981 accepistis
1262 1891 1405 1981 spiritum
1441 1893 1542 1956 sarvi-

401 1981 433 2050 S.
457 1984 562 2052 Rosea
588 1983 825 2053 tirrannum.
953 1985 1029 2050 tutis
1055 1983 1166 2049 iterum
1193 1985 1226 2070 in
1251 1985 1382 2062 timore,
1406 1978 1463 2048 sed
1488 2001 1543 2048 ac-

434 2128 437 2134 .
572 2078 655 2166 dupi.
954 2075 1081 2166 cepistis
1115 2075 1260 2167 spiritum
1293 2075 1474 2167 adoptionis
1506 2071 1545 2141 fi·

325 2170 414 2236 Omn.
436 2181 470 2240 nt
487 2169 522 2237 in
543 2168 713 2259 appendice
736 2165 909 2237 Breviorit'.
955 2170 1080 2238 liorum.
1503 2163 1506 2171 ’

530 2301 701 2420 oculu.
957 2310 1069 2423 Dum
1094 2364 1158 2438 tua,
1182 2264 1343 2448 dm}
1359 2355 1361 2364 '
1379 2373 1542 2442 generose,

393 2447 523 2514 snm
547 2449 665 2515 Donon.
692 2449 724 2514 D.
748 2447 788 2516 Μ.
804 2447 839 2515 V.
1026 2450 1105 2514 mira
1410 2470 1413 2478 ·

523 2543 607 2631 dupi.
632 2542 707 2631 moj.
978 2539 1071 2608 Gesta
1077 2537 1230 2629 J'ucundis
1241 2537 1442 2607 celebramur
1452 2535 1544 2632 hym·
1664 2579 1665 2596 .

411 2635 501 2702 Omm
524 2646 558 2703 ot
581 2632 825 2704 inBreoiorio.
903 2705 906 2710 ,
1027 2635 1076 2698 uis

599 2769 637 2784 »-
983 2723 1089 2793 Editas
1112 2723 1228 2814 linguis
1251 2723 1440 2815 animisque,
1463 2719 1555 2814 soei.

506 2820 577 2888 Dlii
612 2819 726 2906 xxiii.
1068 2855 1072 2862 ·
1122 2821 1238 2910 Accipe
1262 2816 1396 2886 Laudes.

482 2913 514 2981 S.
537 2915 622 2981 Sosu
646 2914 746 2980 Maur.
956 2907 1040 2980 Mitte
1063 2913 1194 2989 tasonis
1217 2910 1360 3001 speciosa
1382 2910 1491 2978 iustris

572 3007 655 3097 dopt.
800 3025 805 3031 ·
957 3004 1112 3072 Dotibus
1149 3023 1299 3094 magnum
1340 3002 1469 3073 decorat
1491 3002 1546 3092 ju·

508 3099 559 3166 Ad
579 3119 726 3185 vesperes
1026 3106 1128 3178 venta,
1274 3111 1278 3120 '

371 3186 496 3278 Antiph.
512 3190 559 3259 De
573 3189 698 3257 excelso
711 3188 793 3256 misit
803 3191 909 3278 ignem
980 3188 1077 3255 Muita
1100 3188 1156 3256 sed
1182 3200 1344 3283 praestans
1369 3185 1486 3255 meritis
1509 3206 1546 3254 a·

325 3283 480 3351 Dominus
503 3285 535 3352 io
559 3283 685 3352 ossibus
710 3283 798 3364 meis,
824 3292 856 3350 et
879 3301 914 3350 a·
1029 3280 1169 3372 daequat
1235 3305 1239 3316 ·

329 3375 449 3443 rudivit
471 3399 532 3446 me.
683 3459 686 3462 ⁴
1121 3374 1253 3444 Saecula
1276 3373 1385 3440 virtus.

371 3469 490 3538 Paolm.
530 3469 614 3537 Dixit
630 3469 807 3538 .Dominus
853 3479 914 3536 etc.
960 3465 1128 3535 Proierens
1140 3468 1250 3535 Christi
1263 3485 1351 3532 sacra
1365 3461 1462 3530 verba
1473 3461 1545 3532 duri

326 3583 396 3631 cum
410 3561 500 3652 reliq.
512 3561 683 3630 deDomin.
695 3565 750 3630 sed
772 3563 835 3630 ioco
857 3563 929 3630 adt„
981 3559 1161 3628 Proximum
1175 3561 1279 3648 signas
1287 3556 1378 3626 stadii
1387 3555 1546 3637 bravium,

373 3654 827 3724 Psommudataoomtnum
843 3675 918 3746 om·⁷
982 3651 1085 3721 Corde
1119 3663 1288 3744 conceptas
1314 3663 1369 3720 tua
1409 3671 1548 3742 namque

308 3768 405 3818 'uest
925 3743 928 3750 '
1034 3744 1171 3814 'rodunt
1488 3765 1492 3774 ·

374 3840 498 3932 Antipn
522 3840 647 3909 Laboro
671 3837 830 3932 usquead
848 3842 918 3908 vin·
1030 3768 1052 3838 p
1123 3840 1279 3930 ¹Tempora
1302 3835 1454 3906 flammas.

327 3934 402 4004 cola
439 3936 533 4026 quasi
568 3935 650 4003 maie
673 3955 832 4027 operans,
859 3932 916 4002 sed
964 3933 1006 4001 'ie
1030 3929 1110 4016 fides
1134 3932 1204 3999 iorti
1229 3932 1344 4025 ciypeo
1361 3942 1478 4011 tuetur,

331 4027 466 4096 verbum
493 4030 547 4099 Dei
563 4041 567 4049 '
583 4048 646 4095 non
671 4038 719 4096 est
758 4029 919 4117 illigatum:
990 4025 1081 4093 Certa
1105 4047 1178 4116 spes
1202 4037 1293 4093 ornat
1316 4023 1404 4114 galea
1427 4020 1549 4103 salutis,

329 4119 404 4188 ideo
427 4125 532 4190 omnia
555 4123 707 4191 sustineo.
985 4118 1078 4186 Nuda
1094 4114 1548 4211 compescitmora:.charitatis

377 4215 501 4304 Amrpit.
526 4217 612 4286 Deus
642 4212 842 4286 custodiebat
853 4233 915 4294 ma,
1122 4209 1265 4304 Impetus
1289 4218 1388 4299 urget.

331 4302 519 4396 splendebat
550 4307 682 4378 lucerna
715 4309 785 4398 ejua
818 4325 916 4400 super
933 4335 941 4348 ν
961 4303 1061 4398 Urget
1075 4302 1116 4373 ad
1133 4324 1266 4397 pugnas:
1283 4295 1550 4373 auimotushoros
