3584 5034
696 546 827 614 rasta·
847 542 1064 614 sanabant]
1449 542 1494 612 39

270 656 855 750 idageddon.1itpianget·terra:ia-
901 654 966 739 iila3
1003 653 1256 724 ¹confundentur
1307 652 1492 748 prophetae,

269 750 384 834 miliae,
410 761 442 820 et
464 752 601 821 familiae
633 763 788 824 seorsum:
810 752 857 820 ia·
904 751 1130 839 unusquisque
1144 769 1184 816 ex
1199 749 1323 853 pisione
1338 770 1398 817 sua
1417 770 1494 818 oum

269 845 375 915 miliae
399 844 519 913 domus
532 845 632 915 David
657 867 812 928 seorsum,
828 853 860 915 et
905 843 1148 938 prophetaverit:
1198 856 1259 910 neo
1312 845 1495 938 operientur

268 939 418 1007 mulieres
442 959 554 1006 eorum
581 960 736 1022 seorsum:
769 939 860 1007 iami-
905 937 1003 1030 pallio
1018 938 1158 1018 saccino,
1172 944 1210 1003 ut
1220 935 1422 1016 mentiantur,
1436 931 1494 1005 sed

269 1031 332 1100 liae
347 1031 472 1099 domus
496 1033 619 1101 Nathan
647 1054 801 1112 seorsum,
827 1042 859 1100 et
907 1030 1000 1098 dioet:
1024 1049 1089 1096 uon
1113 1050 1185 1096 sum
1208 1027 1373 1120 propheta,
1396 1029 1495 1098 homo

268 1125 418 1192 mulieres
442 1147 554 1194 eorum
578 1147 732 1194 seorsum:
767 1127 858 1192 iami-
906 1123 1212 1212 agriaolaegosum,
1228 1122 1379 1210 quoniam
1391 1120 1495 1190 Adam

269 1217 332 1286 liae
347 1217 463 1285 domus
479 1221 554 1288 Levi
570 1241 725 1300 seorsum,
743 1230 773 1289 et
789 1242 860 1286 mu·
907 1216 1087 1308 exemplum
1104 1237 1210 1284 meum
1226 1215 1266 1282 ab
1283 1214 1496 1284 adolescentia

269 1311 363 1382 lieres
394 1333 505 1380 eorum
537 1335 692 1381 seorsum:
725 1314 861 1381 familiae
906 1333 987 1378 mea.

269 1406 375 1472 Semei
398 1425 554 1488 seorsum,
580 1415 612 1474 at
633 1407 782 1474 mulieres
806 1427 859 1474 eo·
952 1410 985 1485 ri,
1007 1403 1099 1473 Unus
1119 1402 1257 1470 militum
1274 1402 1397 1469 Lancea
1410 1402 1495 1471 latus

270 1521 341 1564 rum
362 1519 515 1576 seorsum.
530 1501 651 1567 Omnes
663 1498 797 1567 familiae
809 1521 859 1566 re·
907 1499 976 1585 ejus
992 1501 1127 1587 aperuit:
1143 1496 1166 1540 *
1182 1506 1214 1565 et
1228 1497 1382 1564 continuo
1399 1499 1497 1566 exivit

268 1589 387 1680 iiquae,
415 1593 559 1672 tauriiiae,
584 1592 777 1661 et·familiae
808 1613 857 1659 so·
905 1593 1046 1679 sanguis,
1062 1589 1103 1658 ¹et
1126 1613 1218 1682 aqua.

271 1702 402 1767 orsum,
427 1697 458 1754 et
485 1687 636 1754 mrdieres
672 1706 784 1780 eorum
808 1707 858 1752 se·
904 1687 934 1758 i.
958 1683 995 1748 lo
1021 1683 1073 1751 die
1096 1685 1151 1752 illa
1182 1686 1242 1752 erit
1271 1683 1343 1751 fons
1383 1693 1495 1773 patens

269 1796 388 1844 orsum.
906 1775 1019 1843 domui
1058 1777 1170 1858 David,
1212 1785 1244 1844 et
1281 1775 1498 1845 babitantibus

269 1915 271 1920 -
316 1873 349 1950 ri.
375 1871 423 1940 Ad
450 1874 560 1941 Jesum
583 1881 691 1940 autem
708 1895 782 1941 cum
807 1893 862 1940 ve-
908 1870 1094 1938 Jerusalem.
1112 1873 1152 1938 Et
1173 1873 1334 1938 continuo.

271 1964 411 2046 nissent,
436 1977 472 2032 ut
509 1965 658 2034 viderunt
698 1989 771 2034 eum
792 1967 859 2054 jam
937 2017 959 2054 Ἰ
1152 1966 1233 2031 Lect.
1257 1984 1302 2030 ru.

269 2069 459 2138 mortuum,
484 2081 547 2126 non
591 2059 753 2147 fregerunt
791 2060 861 2147 ejus
912 2017 978 2126 'it
1000 2057 1126 2127 dicetur
1148 2059 1201 2138 ei;
1233 2057 1313 2146 quid
1337 2068 1412 2125 sunt
1427 2057 1497 2148 pla-

269 2169 375 2232 crum,
399 2149 420 2192 *
445 2151 603 2220 sedunus
627 2154 761 2220 miiitum
779 2153 858 2219 Lau·
904 2177 963 2244 gae
985 2155 1064 2220 istae
1088 2155 1121 2218 iu
1145 2149 1496 2248 mediomamnprtua-

269 2261 327 2313 oea
350 2244 433 2312 latus
457 2247 526 2333 ejus
550 2248 684 2334 aperuit.
905 2271 978 2316 rum
1002 2245 1075 2314 ‘tet
1090 2245 1185 2312 dicet:
1203 2243 1252 2310 his
1264 2244 1409 2334 plagatus
1424 2267 1497 2316 sum

316 2344 345 2406 i.
370 2339 409 2402 Et
433 2341 491 2428 qui
529 2339 609 2405 vidit
643 2341 858 2406 testimonium
906 2345 939 2410 in
963 2340 1060 2406 domo
1084 2359 1207 2420 eorum,
1232 2340 1291 2427 qui
1321 2337 1499 2428 diligebant

269 2429 438 2519 perhibuit:
464 2442 496 2500 et
519 2455 630 2500 verum
654 2443 702 2500 est
718 2433 859 2499 testimo·
907 2457 968 2503 me.
994 2435 1126 2499 Framea
1150 2433 1305 2499 suscitare
1327 2454 1425 2524 super
1441 2454 1498 2524 pa·

269 2526 357 2590 nium
382 2526 461 2614 ejus.
486 2526 549 2594 Sed
575 2548 667 2592 unrrs.
804 2561 806 2568 ·
909 2539 1025 2596 storem
1050 2543 1168 2602 meum,
1192 2534 1224 2590 et
1257 2545 1355 2612 super
1388 2530 1496 2594 virum

500 2621 582 2688 Lee't.
607 2641 639 2688 u.
903 2619 1125 2689 cohaerentem
1153 2615 1242 2694 mihi,
1273 2614 1355 2682 dicit
1385 2621 1495 2685 Domi-

269 2664 325 2776 ln
349 2709 402 2779 die
430 2713 499 2780 ,iila
537 2716 597 2780 erit
635 2712 707 2780 sons
745 2721 856 2803 patens
903 2734 966 2782 uus
989 2711 1200 2787 exarcituum
1225 2720 1356 2794 percute
1391 2721 1497 2803 pasto-

269 2802 382 2872 domui
418 2805 532 2886 David,
571 2814 604 2871 et
643 2803 857 2872 habitantibus
905 2829 984 2885 ram,
1015 2813 1047 2872 et
1070 2801 1292 2895 dispergentur
1330 2823 1418 2886 uves;
1466 2813 1500 2873 et

269 2896 445 2964 Jerusalem
472 2901 504 2964 in
535 2895 730 2963 ablutionem
746 2916 860 2986 pecea—
894 2899 1089 2974 'convertam
1127 2917 1256 2962 manum
1294 2917 1400 2965 meam
1454 2896 1497 2968 ad

270 2992 359 3070 toriS,
384 2999 415 3058 et
439 2998 658 3058 menstruatae.
685 2991 723 3057 Et
738 2993 798 3057 erit
826 2993 861 3055 in
907 2989 1067 3084 parrulos.
1079 2989 1118 3056 Et
1128 2999 1222 3057 erunt
1237 2992 1271 3056 in
1297 2993 1392 3079 ammr
1403 3002 1496 3073 terra,

268 3083 321 3150 die
345 3082 409 3164 itta,
436 3083 515 3151 dicit
534 3084 687 3150 Dominus
703 3086 861 3152 exereitu—
908 3085 986 3152 dieit
1008 3084 1173 3152 Dominus:
1195 3093 1300 3175 partes
1340 3082 1425 3154 duae
1462 3088 1498 3152 in

268 3199 334 3244 um:
352 3176 535 3269 disperdam
555 3179 683 3244 nomina
700 3176 861 3244 idolorum
908 3201 946 3247 ea
971 3177 1202 3268 dispergentur,
1226 3186 1257 3245 et
1281 3175 1440 3258 deficiant3
1464 3188 1498 3246 et

268 3270 310 3336 de
334 3276 417 3338 terra
434 3351 437 3356 Ι
456 3282 488 3338 et
525 3294 589 3340 uon
614 3270 860 3340 'memorabitur
907 3276 999 3340 tertia
1022 3292 1098 3361 pars
1122 3269 1319 3359 relinquetur
1343 3273 1378 3339 in
1394 3293 1441 3340 ea.
1457 3272 1497 3340 lit

270 3363 364 3444 ultra,
406 3374 437 3433 et
483 3363 790 3455 pseudoprophetas,
830 3372 862 3433 et
908 3365 1025 3431 ducam
1041 3364 1164 3430 tertiam
1176 3371 1296 3450 partem
1308 3367 1496 3456 perignem,

270 3458 417 3545 spiritum
442 3457 646 3530 immundum
663 3457 803 3525 auferam
819 3456 861 3524 de
908 3469 941 3526 et
965 3477 1054 3522 uram
1079 3475 1148 3536 eos,
1163 3458 1247 3523 sicut
1262 3460 1367 3534 uritur
1382 3481 1497 3548 argen-

269 3561 363 3619 terra.
389 3551 427 3617 Et
450 3554 520 3632 erit,
544 3571 617 3619 oum
631 3550 865 3642 prophetaverit
910 3562 1006 3630 tum,
1047 3558 1081 3616 et
1116 3548 1262 3640 probabo
1295 3571 1372 3634 eae,
1411 3554 1498 3619 deut

269 3643 432 3731 quispiam
456 3646 548 3722 ultra,
573 3644 681 3713 dicent
706 3647 737 3712 ei
771 3653 861 3734 pater
908 3642 1063 3736 probatur
1096 3664 1221 3710 aurum.
1260 3644 1335 3736 Ipsa
1367 3643 1498 3711 vorabit

267 3735 349 3822 ejus,
366 3745 397 3802 et
413 3739 595 3826 materojus
611 3740 859 3826 quigenuerunt
877 3757 878 3760 ¹
899 3757 1022 3804 xnorrren
1047 3756 1164 3816 meum,
1189 3750 1222 3804 et
1243 3758 1304 3826 ego
1326 3735 1496 3805 exaudiam

269 3838 355 3897 eum:
368 3849 431 3896 non
444 3832 544 3912 vives,
562 3835 639 3919 quia
656 3828 859 3896 mendacium
905 3851 990 3898 eum.
1013 3830 1137 3907 Dicam:
1162 3829 1312 3922 populus,
1325 3851 1417 3896 meus
1446 3851 1492 3913 es,

267 3919 397 3988 loeutus
421 3943 455 3988 es
477 3933 479 3941 ’
499 3925 530 3990 io
566 3925 694 3990 nourine
721 3923 858 4001 Domini,
907 3935 939 3992 et
971 3925 1041 4013 ipsa
1078 3922 1171 3990 dicet:
1211 3926 1366 3995 Dominus
1406 3923 1495 3992 Deus

266 4024 299 4084 et
321 4013 484 4103 configent
505 4038 579 4095 eum
605 4025 694 4106 pater
722 4016 801 4105 ejuS,
826 4025 858 4083 et
904 4038 1004 4084 meus.

237 4118 367 4200 xmater
389 4111 469 4197 ejus:
492 4112 650 4200 genitores
673 4109 752 4198 ejus,
782 4131 856 4176 oum
951 4119 982 4192 ra.
1009 4110 1045 4175 in
1070 4109 1124 4176 die
1150 4108 1204 4174 iila
1221 4108 1280 4175 erit
1296 4108 1366 4178 sons
1382 4121 1494 4201 patens

265 4201 511 4295 prophetaverit.
551 4204 590 4272 Et
606 4239 609 4248 =
628 4203 686 4272 erit
724 4206 757 4270 in
805 4203 856 4272 dio
905 4202 1014 4271 domui
1054 4201 1167 4286 David,
1209 4212 1241 4270 et
1279 4200 1494 4272 habitantibus
