3584 5034
314 588 379 661 rar
644 532 647 543 Δ
749 575 887 673 'ruem
908 590 1086 665 aueusu

305 697 571 791 propinquantem
608 699 678 789 ejus
704 702 893 769 terminum
939 698 1132 791 pestilentias
1154 698 1224 769 sine
1245 698 1422 770 cessatione
1439 698 1534 792 -peti-

190 856 192 859 .
308 800 446 880 quantae
485 793 721 881 persecutiones
762 814 895 884 praeve·
940 815 1026 859 mur:
1047 793 1136 882 signa
1160 811 1237 860 vero
1259 793 1293 858 in
1312 791 1396 873 sole,
1420 801 1453 860 et
1483 791 1535 859 lu·

309 884 407 964 uiant,
446 882 620 953 innotescit:
659 896 712 953 ut.
729 886 754 952 si
790 888 892 955 Deum
939 896 1047 971 umet
1070 886 1181 967 stellis,
1205 882 1311 952 adhuc
1334 894 1443 975 aperte
1474 884 1532 951 rui·

187 982 201 1047 ‘2
308 986 449 1043 metuere
472 978 505 1044 in
539 979 762 1068 tranquillitate
802 979 895 1047 nolu·
942 978 1027 1047 nime
1051 979 1199 1060 vidimus,
1223 977 1279 1047 sed
1304 979 1381 1067 quia
1403 976 1533 1048 ethaeo

309 1090 392 1148 mus,
430 1069 540 1139 saltem
580 1074 719 1139 vicinum
749 1073 817 1161 ejus
841 1072 895 1159 ju·
943 1091 1008 1139 non
1032 1072 1126 1161 louge
1148 1072 1220 1152 sint,
1247 1092 1287 1139 ex
1310 1072 1380 1162 ipsu
1397 1073 1535 1161 jamae-

308 1158 426 1227 dicium
451 1162 500 1230 vel
524 1163 797 1255 persecutionibus
812 1165 901 1235 attri-
947 1165 992 1233 ris
1016 1165 1230 1234 immutatione
1254 1163 1443 1255 colligimus.

236 1266 238 1271 '
269 1262 271 1265 ’
309 1254 330 1318 ti
356 1261 530 1327 timeamus.
992 1258 1035 1327 Te
1058 1259 1169 1326 Deum.

316 1406 318 1415 ,
355 1357 387 1434 p.
410 1348 535 1417 Corona
557 1360 617 1419 etc.
652 1428 655 1435 ,
1216 1391 1261 1409 --

526 1444 697 1514 Lectum.
839 1526 842 1535 .
1169 1443 1239 1509 Dlll
1267 1443 1318 1511 tr.

308 1484 426 1601 Huic
466 1535 581 1603 etenim
621 1533 748 1623 recitat
793 1536 895 1605 sanes
1012 1535 1043 1605 s.
1066 1537 1331 1608 ruruuunmn
1355 1535 1391 1605 v.
1414 1534 1455 1608 u.

308 1626 482 1717 Evangelii,
519 1648 616 1718 quam
654 1628 751 1697 modo
791 1639 896 1698 vestra
1118 1700 1122 1704 ,
1195 1631 1280 1718 ‹tupt

266 1751 274 1795 ·,
309 1718 485 1805 fraternitas
508 1721 639 1802 audivit,
663 1722 760 1812 paulo
800 1744 896 1813 supe·
991 1720 1010 1810 (
1023 1724 1060 1790 ln
1076 1720 1201 1791 ciuitate
1217 1722 1301 1812 dupl.
1324 1723 1400 1813 maj.
1413 1722 1432 1812 l
1454 1745 1536 1792 omn.

309 1812 375 1880 rius
400 1813 553 1883 Dominus
577 1816 736 1907 praemisit
779 1815 897 1883 dicens:
944 1816 982 1885 ue
1005 1838 1114 1883 comm.
1144 1814 1231 1904 Virp.
1269 1816 1365 1884 Mart.
1400 1817 1428 1881 l.
1466 1816 1537 1886 locu

309 1904 449 1994 Exurget
471 1928 549 1996 gens
573 1919 843 1998 contra-gentem,
867 1919 900 1978 ct
941 1919 1070 1999 practer
1091 1906 1257 1996 sequentib.

309 2018 442 2087 regnum
466 2000 621 2071 adversus
643 2024 786 2091 reguum:
810 2011 842 2071 et
865 2022 900 2070 e·
1067 2000 1111 2067 IN
1135 2002 1160 2066 Ι.
1184 1998 1406 2069 Noutuurto
1483 2045 1485 2050 -

309 2100 386 2163 runt
408 2102 615 2163 terraemotus
639 2095 742 2184 magni
766 2116 823 2185 per
853 2094 902 2162 lo·
992 2095 1075 2162 Leot.
1099 2095 1136 2162 dc
1159 2092 1255 2183 scrip.
1277 2088 1438 2175 occur.,r‘u
1452 2087 1538 2162 ciui·
1662 2121 1665 2168 t

311 2201 360 2265 ca,
408 2187 590 2267 estilentiae,
608 2198 640 2253 et
651 2187 757 2254 sames.
775 2188 816 2255 ut
831 2188 904 2278 qui·
949 2196 1009 2257 tote
1033 2183 1225 2254 Confitebor.
1663 2213 1664 2220 ¹

260 2352 263 2357 ,
310 2274 357 2347 bu
398 2298 449 2343 am
469 2278 675 2369 interpositis,
700 2279 771 2361 hoc,
812 2278 903 2369 quod
1065 2280 1108 2346 ΙΝ
1132 2277 1174 2345 ll.
1200 2278 1423 2349 NOCTURNO

254 2400 266 2445 ς
312 2366 409 2435 modo
433 2369 575 2453 audistis,
610 2371 762 2461 adjunxit:
800 2374 914 2440 Erunt
1167 2375 1250 2443 Lect.
1273 2391 1313 2439 rr.

300 2460 456 2549 signa'in
479 2463 557 2546 sole,
581 2464 720 2548 etluna,
744 2477 776 2536 et
786 2466 899 2547 stellis,
950 2416 1053 2533 'nter
1074 2473 1199 2533 caetera
1221 2466 1394 2559 Martyrum
1428 2462 1537 2556 sepul-
1663 2483 1664 2486 ’

311 2563 344 2625 et
366 2555 399 2621 iu
437 2557 528 2631 terris
562 2579 712 2649 pressura
755 2560 897 2653 gentium
943 2556 1030 2638 ebra,
1055 2560 1196 2648 quaein
1238 2558 1430 2627 coemeterio
1468 2558 1536 2625 Pri·

310 2666 389 2737 prae
411 2650 598 2720 contusione
636 2655 758 2723 sonitus
790 2654 895 2735 maris,
944 2648 1051 2718 scillae
1074 2648 1116 2716 ad
1139 2652 1220 2719 viam
1238 2651 1388 2719 Salariam
1407 2650 1537 2742 reperiri

206 2760 209 2768 ·
313 2736 354 2823 et
366 2737 532 2813 fluctuum.
555 2744 601 2811 Ex
623 2746 743 2833 quibus
758 2746 900 2838 prolecto
947 2742 1059 2824 solent,
1075 2741 1153 2810 illud
1168 2745 1277 2827 extitit,
1289 2746 1558 2835 quorepositum.

312 2832 471 2915 omnibus,
484 2838 544 2907 alia
554 2839 620 2926 jam
638 2839 717 2905 lactu
734 2840 905 2922 cernimus,
951 2836 1054 2904 luerat
1067 2845 1195 2907 sanctae
1208 2837 1410 2906 Philumenae
1421 2858 1460 2906 co
1498 2856 1539 2905 us

311 2922 376 2999 atu
398 2927 432 2993 iu
455 2930 610 3019 proximo,
623 2941 756 3001 ventura
795 2932 903 3002 lormi-
949 2931 995 3000 uti
1010 2951 1050 2998 ex
1066 2931 1179 2998 tumuli
1210 2931 1413 3022 inscriptione
1439 2860 1541 2999 tribue

312 3014 436 3089 demus.
948 3022 1112 3093 laterculis
1135 3026 1281 3115 apposita
1310 3021 1541 3115 perlegebatur.

262 3150 265 3157 ι
359 3111 404 3188 tl..
418 3111 477 3180 Hic
500 3121 549 3181 est
570 3120 628 3181 etc.
949 3115 1036 3183 Licet
1050 3136 1128 3185 nero
1143 3116 1269 3185 iuventa
1294 3115 1413 3183 ibidem
1444 3113 1543 3183 luerit

344 3205 442 3285 ‚teet
466 3224 510 3273 rx.
533 3206 570 3276 de
595 3202 738 3275 Humilia
759 3204 905 3295 Vi‘prlr'oe.
951 3207 1058 3297 phiala
1073 3209 1247 3296 sauguinis,
1261 3217 1294 3278 et
1308 3206 1370 3275 alia
1380 3205 1542 3313 insculpta

362 3296 405 3365 Si
425 3310 498 3367 uero
518 3297 688 3392 transferri
724 3296 897 3388 corur'perit,
947 3300 1176 3390 inspicerentur
1209 3300 1351 3392 martyrii
1382 3300 1539 3388 insigma,
1661 3343 1662 3346 =

294 3456 297 3465 ,
315 3404 452 3477 eaqueus.
949 3390 1122 3477 dolendum
1140 3404 1244 3463 umen
1259 3402 1320 3474 est,
1341 3413 1392 3460 res
1418 3390 1460 3460 ab
1487 3411 1541 3463 et·

389 3517 394 3525 ·
535 3484 616 3555 Lcct.
641 3504 685 3553 rx.
954 3484 1027 3553 dem
1059 3497 1173 3575 gestas,
1205 3496 1353 3577 actaque,
1385 3504 1541 3576 eugenue

312 3525 423 3643 Nam
435 3584 544 3667 gentes
566 3589 677 3649 contra
690 3576 818 3668 'genum
833 3598 907 3647 sur·
952 3581 1104 3671 martyrii,
1121 3579 1210 3669 quod
1223 3580 1291 3671 ipsa
1307 3578 1391 3660 lecit,
1403 3576 1542 3649 obscum

314 3686 399 3756 gere,
420 3664 598 3760 'earumque
613 3690 794 3764 pressuram
812 3671 904 3740 terris
948 3674 1129 3763 perstitisse.
1147 3673 1314 3742 Caeterum
1331 3671 1386 3740 ubi
1402 3675 1543 3765 primum

315 3760 457 3845 insistere
482 3762 568 3855 'plue
602 3766 669 3853 jem
709 3764 741 3833 in
786 3764 902 3832 nostris
947 3785 1073 3833 sacrum
1091 3765 1152 3834 hoo
1167 3786 1296 3857 corpus,
1310 3764 1567 3836 exbeuelicen·'

316 3854 513 3943 temporibus
536 3859 704 3939 ceruimus,
745 3877 842 3946 quam
872 3856 906 3925 in
954 3860 998 3926 tia
1017 3858 1059 3927 Pii
1077 3860 1206 3951 Septimi
1221 3860 1311 3927 initio
1338 3857 1543 3927 Pontificatue

294 3944 481 4027 ⁸codicibus
519 3949 673 4041 legimus„
706 3949 804 4032 Quod
844 3958 906 4019 ter·
953 3952 1022 4040 ejus
1037 3964 1213 4042 acceptum,
1232 3952 1332 4022 cultui
1363 3949 1466 4020 fidelis
1480 3970 1541 4043 po·

315 4051 476 4111 raomotus
499 4042 596 4116 urbes
607 4041 903 4120 innumerasobru-
951 4044 1017 4134 puli
1033 4046 1229 4134 pmpositum
1246 4042 1306 4113 luit
1333 4042 1480 4128 liuguani
1509 4042 1543 4112 iu

316 4140 359 4211 at,
382 4153 422 4223 ea
445 4134 514 4205 aliis
537 4136 646 4208 mundi
670 4136 824 4230 pertibus,
842 4136 905 4204 sci-
952 4137 1072 4204 Nolana
1093 4140 1243 4222 llioecesi,
1261 4141 1373 4230 ingens
1389 4136 1472 4202 illico
1497 4135 1545 4204 la·
1659 4141 1660 4144 ’

317 4220 367 4319 tie,
390 4232 488 4314 quum
511 4229 693 4326 frequenter
714 4230 905 4305 audirimus:
951 4251 1022 4301 mae
1042 4231 1217 4317 celebritas,
1253 4250 1292 4303 ac
1327 4227 1437 4321 ruisiu
1467 4247 1545 4322 erge
