3584 5034
741 618 871 686 ruera
895 582 1021 687 tutu
1158 684 1162 688 ,
1267 616 1271 625 ·
1413 619 1478 687 rm

252 730 379 811 tamnen,
396 738 429 799 et
450 729 607 801 irritantes
619 729 709 801 illum
725 728 844 801 invidie
1143 728 1254 797 Oratio
1384 750 1389 761 ·
1469 762 1480 807 ς
1602 786 1604 790 .

890 774 1266 912 Pmeeta,quaesumus
1279 822 1484 913 omnipotem'

252 845 312 893 sua
334 823 429 915 pauni
453 824 525 893 facti
551 834 632 893 sunt
805 898 806 901 ,

297 962 309 999 ,
491 920 635 1009 Hymnus
892 914 992 995 Deus,
1015 914 1122 1006 utqui
1138 916 1269 984 Beatum
1285 913 1387 983 liliam
1401 917 1480 985 Pro·

134 1016 137 1024 ⁴
256 967 376 1077 huno
396 1010 488 1098 juvat
511 1011 587 1079 celsi
609 1032 782 1103 properare
799 1008 841 1079 ad
888 1009 1014 1099 phetam
1041 1017 1130 1076 tuum
1156 1009 1248 1097 igneo
1272 1029 1370 1076 curru
1386 1009 1481 1077 mira-

322 1101 385 1169 aita
886 1101 990 1169 biliter
1013 1102 1169 1169 elevatum
1194 1123 1265 1170 esse
1303 1102 1474 1185 oredimus,

274 1196 377 1263 Mente
389 1196 524 1264 Carmeli
530 1197 619 1286 juga,
633 1208 665 1266 et
675 1218 730 1267 ore
742 1197 840 1287 pleno
887 1195 1002 1262 eodem
1025 1195 1253 1263 interveniente
1268 1192 1308 1262 ad
1332 1194 1482 1264 coelestia

274 1290 361 1358 Vatis
384 1290 470 1357 litiae
494 1291 621 1357 meritos
645 1290 763 1359 reterre
889 1288 1107 1369 sublevemur,
1119 1298 1338 1359 etsanctorum
1350 1298 1479 1356 tuorum

283 1410 285 1414 ·
416 1382 533 1451 Laudis
557 1383 703 1452 honores.
892 1383 1053 1450 consortio
1076 1376 1282 1471 gaudeamus.
1322 1382 1385 1451 Per.
1416 1381 1480 1451 Do-

252 1476 335 1541 Dum
387 1475 487 1543 fames
509 1524 511 1529 ,
536 1486 636 1545 terras
676 1484 843 1568 premeret,
890 1475 1022 1543 minum.
1343 1510 1346 1518 ·

255 1569 262 1585 '
321 1568 464 1636 ministro
1026 1570 1081 1635 AD
1110 1569 1356 1647 MaruttNutt

272 1662 378 1730 Utitur
401 1682 508 1733 corvo:
532 1660 648 1730 viduae
678 1661 809 1730 farinam
871 1652 874 1661 ’
937 1658 1062 1731 Invitat.
1101 1663 1217 1751 Regem
1253 1662 1480 1756 Prophetarum

272 1754 396 1841 Sufficit
417 1755 528 1835 solers,
552 1756 689 1845 oleoque
712 1764 819 1823 manat
888 1754 1071 1836 Dominum,
1097 1752 1129 1793 *·
1144 1757 1247 1823 venite
1262 1757 1442 1825 adoremus.

404 1849 534 1941 *Hydria
561 1850 682 1939 pingui.
937 1848 1059 1915 Psutm.
1081 1848 1197 1934 Venite·
1214 1851 1405 1933 exultemus,
1422 1859 1481 1918 ete.

252 1942 321 2022 Hie,
331 1942 399 2009 Deo
413 1942 492 2008 susis
504 1942 662 2033 precibus,
675 1940 844 2010 reductum
939 1941 1093 2029 Hymnus.
1105 1940 1211 2007 Nune
1223 1944 1317 2032 juvat
1330 1944 1407 2013 celsi
1422 1952 1481 2019 eto.

275 2033 406 2101 Finibus
430 2037 539 2103 mortis
571 2058 710 2126 puerum
725 2033 847 2125 parenti
894 2035 1070 2124 utaupod
1091 2035 1251 2122 vesperas.
1420 2061 1423 2065 ·

275 2126 402 2207 Reddit,
426 2126 548 2194 orendo
572 2129 659 2197 valet
682 2129 848 2220 expetitam
1027 2128 1070 2193 lN
1087 2126 1113 2192 l.
1128 2127 1351 2199 NOCTURNO

339 2238 344 2245 ·
422 2218 564 2288 Reddere
588 2221 702 2289 lucem.
881 2242 883 2245 ’
965 2219 1092 2311 Antiptu
1116 2222 1248 2300 Factum
1277 2232 1327 2289 est
1364 2231 1482 2304 autem,

259 2310 546 2408 Claudiqptnubm,
562 2316 726 2405 aperitque
737 2312 847 2394 verb03
896 2321 935 2381 ut
956 2325 1133 2402 aegrotaret
1158 2312 1243 2383 filius
1259 2315 1400 2385 mulieris
1415 2335 1483 2382 ma·
1499 2349 1502 2356 v

251 2408 418 2497 *Imperat
441 2419 515 2497 post
538 2419 602 2476 tres
638 2419 850 2501 properanter
893 2408 951 2475 trie
990 2407 1133 2489 familias,
1173 2419 1214 2478 et.
1243 2420 1311 2478 erat
1348 2410 1483 2501 languor

323 2520 424 2568 annos
891 2500 1107 2589 fortissimus..
1230 2575 1232 2578 ,
1420 2554 1424 2560 .

275 2592 409 2661 Decidat
434 2593 535 2675 coeio,
566 2594 740 2685 sitiensque
756 2592 851 2663 tellus
945 2594 1065 2661 Psuior.
1094 2594 1122 2658 i.
1145 2592 1260 2663 Beatus
1283 2595 1341 2674 vir,
1355 2605 1415 2662 eto.

314 2742 316 2749 .
381 2687 548 2755 ·Hanriat
565 2688 691 2756 imbres.
732 2746 742 2759 ,,
885 2736 891 2747 ,
938 2684 1064 2774 Antiptr.
1081 2687 1167 2754 Dixit
1182 2688 1295 2755 mulier
1313 2686 1355 2753 ad
1371 2686 1484 2753 liliam:

253 2778 300 2847 Sit
338 2778 422 2845 Patri
459 2799 597 2863 summo,
653 2782 844 2870 genitaeque
894 2778 973 2871 quid
999 2779 1086 2859 mihi,
1125 2790 1163 2859 et,
1194 2779 1260 2861 tibi,
1301 2780 1349 2847 uir
1383 2776 1483 2847 neit

323 2870 417 2951 Preti,
883 2872 1052 2960 ingressus
1068 2893 1103 2940 es
1117 2872 1159 2940 ad
1171 2879 1233 2955 me,
1245 2883 1483 2943 utrememora-
1504 2918 1507 2922 -

275 2965 314 3031 lit
327 2963 384 3030 tibi
402 2984 533 3055 comper
549 2965 717 3055 utriusque
737 2974 846 3033 sancte
892 2975 1004 3033 rentur
1027 2965 1208 3056 iniquitates
1231 2988 1330 3049 meae,
1365 2976 1398 3035 et
1434 2965 1483 3033 in·

275 3058 422 3151 Spiritus,
432 3057 847 3150 iaus-imperiumpotestm,
896 3056 1056 3129 tertineres
1073 3057 1353 3140 ,fitiummeumt
1388 3116 1391 3121 .
1432 3123 1453 3149 Ι,

352 3231 354 3237 ¹
417 3153 556 3243 Tempus
569 3154 599 3217 in
614 3173 716 3220 omne.
735 3157 844 3219 Amen.
902 3190 905 3193 ·
939 3153 1058 3221 Protm.
1083 3154 1116 3221 2.
1140 3157 1248 3238 Quare
1286 3154 1484 3222 tremuerunt

299 3242 330 3311 rt,
352 3244 476 3331 v,Verbo
504 3246 639 3313 Domini
687 3246 845 3315 continuit
890 3256 1013 3335 gentes,
1035 3257 1094 3314 eto.
1202 3286 1205 3292 ·

254 3340 394 3407 eoelum.
487 3373 489 3377 .
599 3354 601 3361 ’
943 3337 1068 3427 Antiptr.
1092 3339 1143 3406 Ait
1164 3336 1250 3407 Elias
1275 3338 1316 3418 ad
1347 3335 1487 3499 tiquam:

289 3437 333 3515 rt.
354 3433 397 3498 iit
419 3430 533 3522 dejecit
557 3431 597 3500 de
622 3432 712 3500 coelo
744 3432 850 3522 ignem
898 3429 1039 3519 damini
1065 3430 1165 3499 fitium
1190 3442 1291 3501 tuum.
1316 3434 1354 3499 Et
1370 3452 1485 3501 cama·

258 3533 313 3591 ter.-
732 3556 737 3571 ·
764 3586 767 3593 ,
894 3526 943 3618 rit
962 3523 1002 3590 ad
1021 3527 1203 3612 Dominum,
1214 3537 1250 3596 et
1266 3526 1377 3595 revixit
1398 3546 1488 3617 puer.

287 3633 291 3641 '
421 3619 468 3687 Aa
491 3619 676 3709 Mopoificot
721 3664 723 3669 ,
891 3644 920 3697 μ
946 3618 1065 3687 Protm.
1089 3620 1121 3687 2.
1142 3620 1289 3704 Domine,
1309 3617 1487 3713 qutdmul-

256 3707 434 3797 '·Antipir.
459 3714 541 3780 Ecce
565 3733 625 3803 ego
645 3714 768 3779 ¹mittam
796 3730 853 3779 vo·
902 3713 1143 3803 tipiieati-sunt,
1167 3724 1226 3782 etc.
1427 3726 1431 3729 ’

188 3837 190 3843 ·
258 3800 309 3869 bis
334 3801 433 3867 Etiam
456 3804 653 3894 prophetam,
678 3816 847 3894 antequam
902 3858 905 3861 .
943 3808 971 3867 t.
1013 3806 1117 3873 Verbo
1156 3804 1280 3876 Domini
1331 3801 1488 3894 continuit

246 3895 365 3962 ueniat
387 3893 455 3961 dies
479 3899 604 3964 Domini
635 3918 779 3988 magone,
819 3907 852 3964 et
898 3898 1035 3966 coelum.
1334 3950 1338 3955 .

194 4036 197 4041 ·
259 3984 432 4068 horribilis,
457 3999 489 4055 et
511 3995 674 4061 convertet
706 4012 762 4058 cor
792 4012 848 4081 pa·
943 3990 976 4067 rt.
1000 3991 1039 4057 lit
1061 3988 1174 4079 dejecit
1196 3989 1239 4061 de
1262 3988 1354 4058 coelo
1381 3990 1488 4080 ignem

260 4094 344 4149 trum
370 4080 410 4149 ad
435 4080 527 4163 tilios,
552 4094 583 4151 et
614 4105 671 4153 cor
709 4082 859 4206 filiorum
895 4094 953 4154 ter.
1380 4101 1384 4106 ·
1421 4127 1424 4131 -

263 4174 314 4243 ad·
329 4186 435 4266 patres
458 4194 587 4247 eorum,
697 4205 698 4209 ¹
967 4178 1016 4248 Do
1036 4174 1137 4256 ,Libro
1160 4178 1262 4249 Tertio
1287 4179 1448 4270 Regum*
