3584 5034
312 624 377 690 lid
770 690 774 699 ,
791 620 918 691 FESTA
934 619 1045 695 ‘tUtlt

305 732 367 808 eibi
388 741 544 824 perpetuo
578 730 743 799 interdixit.
776 732 901 823 Corpus
946 731 1064 823 Aprilis
1105 732 1323 803 anniversarie
1366 730 1535 805 testivitate

308 846 375 896 non
393 824 495 892 cilicio
511 825 627 907 solum,
643 822 823 915 flagrisque,
841 826 896 894 sed
945 825 1103 893 recolitur.
1480 862 1484 869 ·

308 920 495 1010 gravissimo
512 920 604 986 etiam
617 916 737 1009 plumbi
757 916 896 1009 pondere
989 921 1020 997 tl.
1047 919 1110 985 Iste
1133 928 1189 999 est,
1214 926 1273 985 etc.

310 1036 329 1081 a
347 1014 470 1081 cervice
486 1011 526 1078 ad
546 1012 626 1095 talos
638 1022 767 1079 extenso
780 1008 894 1101 adlige-
1063 1013 1105 1077 lN
1125 1011 1419 1079 innectendo

307 1104 657 1197 hat,lapidequeoapiti
671 1108 891 1195 suppositum
984 1104 1131 1173 Humilia
1165 1104 1200 1171 io
1233 1104 1386 1193 ‘Econpclss
1426 1104 1529 1173 Homo

272 1218 275 1223 ·
307 1198 431 1289 lectulo¹
442 1192 636 1267 humisnato
647 1198 792 1265 cubabat.
805 1204 830 1263 Α
843 1198 895 1265 Ni·
943 1219 1085 1289 peregre,
1109 1196 1145 1265 in
1167 1201 1273 1269 eodem
1290 1196 1464 1267 Coonnitoi.

307 1291 399 1361 colao
431 1292 535 1360 Primo
575 1292 723 1359 Pontihce
757 1294 886 1360 Romam
1212 1330 1254 1341 -

307 1385 489 1466 accersitus,
506 1406 620 1475 magno
637 1385 756 1455 horrore
773 1397 820 1453 cst
836 1385 892 1451 ha·
1159 1386 1229 1450 Dlll
1254 1385 1307 1450 20.

307 1476 403 1560 hitus;
419 1500 456 1545 ac
473 1478 669 1559 Lateranensi
705 1478 889 1571 inSyn'odo,
1098 1481 1130 1547 S.
1141 1480 1239 1547 llum
1252 1478 1366 1545 Prono.

309 1590 464 1638 unacum
481 1572 549 1639 aliis
583 1571 725 1638 Patribus
741 1573 831 1639 tertio
848 1572 896 1639 lo·
1145 1574 1228 1661 dopt
1251 1572 1330 1638 mio.
1393 1633 1397 1641 .

309 1683 349 1732 oo
372 1663 523 1745 assidens,
559 1667 710 1733 loannem
743 1687 895 1733 ravenna·
1096 1664 1373 1734 aovsssruuns.

254 1820 257 1831 ,
309 1767 372 1824 tem
389 1758 596 1825 insanientem
607 1767 698 1826 antea
708 1770 819 1826 contra
834 1760 894 1827 Ec·
963 1757 1087 1848 Aotiph.
1110 1760 1183 1826 Zelo
1216 1758 1336 1825 zelatus
1365 1777 1438 1823 sum
1477 1776 1538 1847 pro

310 1850 449 1931 alesiam,
466 1851 521 1941 qui
539 1862 647 1942 postea
659 1854 800 1943 resipuit,
817 1872 895 1920 con·
943 1852 1078 1917 Domino
1108 1854 1176 1920 Deo
1206 1850 1422 1928 exercituum,
1460 1853 1537 1940 quia

310 1942 431 2011 lutavit.
444 1945 606 2035 Neapolim
619 1947 896 2035 regressusaSer-
943 1942 1182 2035 dereliquerunt
1203 1951 1331 2034 pactum
1355 1951 1446 2007 tuum
1477 1941 1538 2007 filii

311 2038 364 2124 gio
395 2030 483 2106 fatris
514 2037 590 2119 lilio,
622 2049 714 2105 nomo
729 2039 895 2129 impietatis
941 2036 1048 2105 lsrael.

311 2128 450 2212 homine,
483 2131 643 2199 Athanasii
660 2130 894 2221 objurgationes
991 2132 1109 2199 Psolm.
1127 2129 1209 2197 uixit
1224 2127 1378 2197 Dominus
1401 2126 1538 2196 Domino

312 2221 494 2311 indignante
509 2223 658 2293 detrusus
688 2224 719 2290 in
736 2240 895 2293 carcerem
943 2244 1027 2306 mco,
1052 2236 1110 2294 etc.

312 2312 452 2404 indeque
475 2316 551 2384 cleri
568 2338 665 2409 opera
680 2336 755 2383 cum
770 2317 899 2387 univor-
991 2318 1116 2408 Antipt.
1139 2318 1249 2404 Usque
1264 2334 1331 2406 quo
1353 2310 1538 2391 claudicatis
1665 2343 1666 2366 1

313 2428 369 2477 sae
391 2407 525 2477 civitatis
549 2411 816 2505 gaudioercptus
838 2421 895 2481 est.
943 2411 976 2477 in
999 2410 1080 2480 duas
1104 2422 1209 2500 partes
1232 2408 1297 2477 ‘ist
1314 2408 1470 2477 Dominus
1492 2417 1541 2477 ost

359 2502 392 2580 tl.
416 2501 521 2586 Posui,
544 2516 603 2573 etc.
945 2505 1042 2584 Deus,
1067 2503 1239 2594 sequimini
1260 2523 1344 2570 cum.

409 2612 412 2631 ’
533 2598 638 2669 Lectio
659 2620 701 2666 vr.
994 2594 1241 2667 Paeonuebor
1256 2594 1310 2663 tibi
1327 2596 1541 2666 Dominoetc.
1664 2655 1665 2666 ,

316 2636 529 2760 Consonat
574 2692 689 2761 deinde
737 2674 904 2761 obluctans
967 2687 1122 2778 «onuph.
1153 2689 1187 2757 Si
1225 2688 1322 2757 homo
1363 2690 1417 2757 llei
1456 2712 1540 2772 sum,

315 2781 434 2872 iniquis
450 2795 562 2857 contra
601 2786 849 2855 Ecclesiasticam
866 2784 905 2851 li·
954 2780 1127 2851 descendat
1141 2783 1221 2871 ignis
1232 2782 1274 2851 de
1292 2781 1540 2867 coelo‚etdcvo-

313 2874 467 2945 hertatem
499 2878 765 2968 postulationihus
791 2878 902 2966 Sergii,
952 2887 1001 2945 ret
1024 2886 1064 2956 te,
1089 2886 1121 2946 et
1143 2875 1373 2968 quinquaginta
1389 2888 1472 2946 tuos.

315 2969 400 3056 ejus·
427 2988 524 3059 opera
564 2970 717 3059 depulsus
757 2992 775 3038 e
815 2970 902 3052 sede,
999 2972 1118 3038 Psotm.
1140 2972 1256 3039 Beatus
1279 2971 1337 3053 vir,
1361 2971 1418 3061 qui
1452 2970 1540 3039 timet

316 3080 484 3149 unumque
516 3082 654 3129 mensem
672 3084 769 3153 supra
797 3064 904 3150 viginti
953 3062 1134 3145 Dominum,
1162 3075 1221 3132 etc.

317 3164 448 3221 coactus
463 3153 602 3233 exulare,
619 3154 774 3246 plurimas
798 3154 904 3243 perid
999 3155 1122 3246 Antiph
1134 3157 1205 3225 Non
1217 3176 1278 3247 ego
1294 3153 1417 3225 turbavi
1427 3152 1537 3235 lsrael,

316 3248 900 3338 temporisaerumnasperpessus‘est;
948 3247 1003 3315 sed
1031 3260 1076 3330 tu,
1103 3260 1134 3318 ct
1157 3250 1273 3318 domus
1295 3249 1392 3339 patris
1408 3245 1464 3326 tui,
1479 3248 1539 3338 qui

318 3339 437 3430 quihus
448 3339 574 3411 tandem
592 3340 766 3421 conlectus,
781 3341 904 3409 Verulis
951 3340 1148 3434 dereliquisti
1172 3341 1317 3410 mandata
1333 3339 1467 3407 Domim.

317 3432 439 3515 obiens,
490 3435 657 3503 coelestem
700 3437 731 3503 iu
770 3434 905 3526 patriam
1001 3440 1055 3506 Pe,
1081 3434 1222 3503 Laudato
1245 3434 1335 3523 pueri
1359 3433 1541 3502 Dominum.

318 3537 466 3617 receptus
489 3537 546 3608 est,
572 3528 680 3597 aetatis
713 3548 798 3596 anuo
822 3550 903 3620 qua·
998 3528 1121 3617 Antiph.
1150 3526 1300 3595 Occidisti
1326 3527 1467 3617 insuper,
1507 3537 1540 3597 et

317 3617 496 3707 dragesimo
514 3622 615 3711 primo
631 3620 737 3689 idibus
749 3621 905 3712 luliipost
950 3620 1127 3712 possedisti:
1166 3639 1243 3688 ecce
1281 3641 1342 3707 ego
1385 3620 1538 3690 inducam

319 3712 479 3781 Christum
526 3725 633 3781 natum
678 3716 904 3803 octingentesi-
951 3723 1102 3803 superte
1142 3713 1271 3795 malum,
1309 3724 1342 3782 ct
1380 3713 1538 3783 demetam

269 3813 277 3834 ¹
320 3824 374 3873 mo
397 3810 629 3897 septuagesimo
653 3808 805 3877 secundo.
830 3808 907 3874 Cor·
953 3809 1128 3898 posteriora
1152 3816 1215 3873 tua.

318 3919 381 3990 pus
406 3902 564 3969 miraculis
588 3903 709 3970 clarum
734 3902 897 3970 Cassinum
994 3902 1119 3968 Psolm.
1145 3900 1253 3968 lauda
1275 3900 1451 3969 Jerusalem
1475 3901 1539 3967 llo-

319 3993 410 4082 prius
427 3996 457 4061 in
476 3996 621 4075 Mentem,
639 4017 711 4064 mox
727 3993 900 4084 Neapolim,
948 3993 1080 4074 minum,
1105 4005 1163 4061 etc.

321 4086 433 4173 quinto
458 4100 529 4177 post
553 4088 674 4155 ohitum
709 4106 803 4164 anuo,
829 4087 905 4153 inte-
976 4132 996 4168 Ἴ
1100 4087 1201 4177 Capit.
1295 4088 1379 4155 Eccl.
1404 4086 1457 4151 to.

323 4198 415 4263 grum
439 4180 544 4247 adhuc
568 4192 739 4271 repertum,
772 4178 907 4246 solemni
955 4132 1122 4248 Surrexit
1146 4181 1229 4248 Elias
1252 4180 1406 4270 Propheta
1445 4178 1540 4267 quasi

322 4270 551 4357 supplicatione
570 4274 752 4341 translatum
777 4284 834 4353 cst;
850 4294 907 4341 cu·
955 4270 1542 4365 ignisetverhumipsiusquasiiacula

318 4361 375 4449 jus
398 4363 607 4435 translationis
641 4366 792 4437 memoria
815 4366 906 4437 nonis
952 4365 1092 4439 ardebat.
1114 4369 1177 4450 Qui
1201 4366 1323 4437 induxit
1350 4365 1383 4435 in
1399 4366 1540 4460 populos
