3584 5034
575 591 579 600 ·
703 551 830 621 rusia
846 521 1044 624 'rruuiur
1186 582 1192 594 ·
1447 555 1490 620 u

312 665 411 756 Cupit.
438 665 572 759 Fratrqs,
595 663 657 738 hoc
672 663 757 738 enim
777 665 851 738 seu·
895 664 972 734 hit?
995 665 1079 759 Quia
1101 663 1264 734 abscissus
1286 645 1337 735 est
1363 662 1405 733 de
1429 674 1492 734 ter·

264 756 318 826 tite
341 758 373 825 in
396 757 557 828 vobisut
580 780 686 849 supra
796 833 800 840 ,
897 782 935 827 ra
957 759 1140 841 viventium,
1157 768 1289 851 propter
1311 757 1418 827 scelus
1432 777 1493 851 pc-

218 919 221 924 ,
309 851 342 927 tl.
375 851 427 920 dr:
463 851 597 920 Oblatus
630 862 678 922 est
712 848 734 894 '¹‘
769 853 854 934 Quia
899 853 967 946 puli
991 854 1052 920 mei
1078 853 1222 943 percussi
1245 873 1330 920 eum.
1584 861 1588 870 '

238 943 333 1036 'ipse
354 937 464 1012 veluit.
490 946 634 1015 Oblatus.
657 945 687 1012 i.
710 945 750 1012 Et
775 946 857 1016 livo-
919 947 925 957 '
949 952 981 1024 il.
1005 945 1050 1013 br.
1076 947 1194 1014 Factus
1216 955 1266 1013 est
1291 941 1446 1015 obediens
1470 943 1493 988 *
1618 958 1627 972 ⁸

263 1059 299 1106 re
323 1037 393 1126 ejus
416 1040 663 1108 sanctisumus.
688 1039 778 1120 Quin.
907 1037 1018 1128 Usque
1052 1037 1094 1105 ad
1117 1050 1261 1106 mortem.
1297 1039 1493 1107 cantuset

310 1130 419 1200 Gloria
441 1133 536 1214 Patri.
560 1133 706 1200 Oblatus.
748 1137 754 1150 '
809 1185 811 1191 .
946 1133 977 1197 i.
989 1133 1121 1200 llnrtem
1133 1142 1242 1201 autem
1253 1131 1366 1200 crucis.
1377 1132 1489 1221 Usque
1618 1151 1622 1157 ’

309 1231 340 1299 l.
367 1225 497 1316 Proprie
521 1226 600 1295 Filio
623 1247 684 1294 suo
710 1246 775 1294 non
793 1247 856 1318 'pe-
903 1221 944 1293 ad
969 1233 1115 1294 mortem.
1203 1281 1208 1288 .
1402 1243 1406 1252 ·

263 1317 368 1410 percit
392 1320 489 1386 Deus.
623 1349 625 1370 ι
807 1394 809 1400 ,
849 1361 852 1370 .
954 1317 1062 1386 Gloria
1084 1319 1176 1385 Petri.
1201 1320 1328 1386 Factus.
1374 1348 1377 1358 ·

310 1418 342 1490 ri.
367 1409 431 1479 Sed
446 1433 505 1503 pro
521 1411 614 1502 nubis
629 1409 778 1483 omnibus
791 1419 855 1504 tra·
949 1409 979 1477 l.
1002 1411 1078 1502 lpse
1104 1411 1289 1480 uulneratus
1305 1419 1354 1504 est
1364 1418 1495 1502 propter

263 1501 345 1570 didit
367 1504 468 1572 illum.
555 1534 558 1540 ’
904 1505 1088 1596 iniquitates
1111 1516 1245 1574 nostras.

317 1598 421 1694 ¹⁴ild
446 1600 589 1678 senum,
618 1595 743 1688 Antiplr.
838 1659 842 1672 ,
891 1679 893 1686 Ι
946 1602 981 1675 rt.
1005 1599 1043 1664 Et
1058 1599 1183 1666 attritus
1199 1608 1247 1668 est
1266 1607 1404 1690 propter
1425 1617 1496 1666 sce-

309 1689 472 1760 Foderunt
495 1709 610 1758 manus
633 1711 731 1768 meas.
900 1690 966 1760 lara
991 1701 1107 1758 nostre.

418 1785 520 1876 Cupit.
570 1782 665 1852 Zach.
694 1786 745 1851 ta.
774 1785 803 1854 d.
949 1789 987 1854 In
1008 1791 1044 1850 u.
1075 1786 1162 1874 Vesp.
1185 1783 1292 1854 omnin
1315 1796 1349 1854 ut
1365 1782 1401 1852 ia
1418 1781 1498 1874 pri·

323 1875 378 1944 uid
403 1887 479 1946 sunt
501 1877 613 1971 plagae
636 1876 763 1944 istacin
787 1897 854 1944 me-
900 1873 966 1949 mis
985 1889 1114 1966 praeter
1138 1899 1199 1966 seq.
1292 1947 1301 1969 ‚
1425 1905 1429 1914 ¹

264 1966 318 2036 dio'
342 1991 496 2041 manuum
520 1969 667 2038 tuarum?
690 1970 738 2068 xllt
759 1969 855 2050 dicet
950 1972 981 2038 i.
1007 1967 1080 2060 lpse
1095 1970 1345 2041 vulneratusest
1366 1979 1498 2062 propter

263 2059 314 2129 his
336 2063 482 2154 plagatus
505 2086 578 2132 sum
612 2063 645 2130 in
668 2061 766 2132 domn
801 2080 855 2130 en·
903 2061 1084 2153 iniquitates
1108 2074 1240 2134 nostras.
1375 2056 1400 2123 ἶ

269 2175 356 2239 rum,
382 2157 438 2246 qui
461 2156 632 2245 diligebant
655 2177 715 2226 me
951 2166 984 2240 rt.
1009 2157 1048 2223 Et
1069 2157 1194 2224 attritus
1207 2168 1256 2228 est
1271 2166 1403 2248 propter
1426 2175 1498 2224 scca

314 2252 347 2327 tl.
383 2251 428 2318 br.
463 2251 595 2340 Proprie
631 2249 710 2316 Filio
746 2268 807 2316 suo
836 2245 859 2290 ’Κ
905 2247 974 2317 iera
997 2259 1114 2317 nostra.
1520 2267 1524 2272 ·

264 2339 339 2408 Non
355 2343 498 2435 pepercit
513 2343 608 2412 Deus.
621 2341 753 2434 Proprio
770 2341 859 2410 Filio.
991 2343 1042 2411 Ad
1066 2341 1262 2433 disquisisset,
1288 2341 1413 2434 serapt.
1486 2386 1491 2394 -

312 2430 342 2504 l.
367 2437 430 2506 Sed
445 2458 505 2528 pru
522 2437 614 2505 nobis
631 2434 781 2504 omnibus
797 2444 861 2504 tra·
930 2470 933 2476 ,
955 2437 1126 2526 Deponens
1149 2438 1271 2529 loseph
1285 2457 1405 2528 cerpus
1420 2436 1500 2512 Jesu

147 2531 150 2544 '
266 2522 347 2597 didit
368 2530 468 2598 illum.
493 2531 565 2601 Nun
588 2530 731 2622 pepercit
751 2530 850 2598 Deus.
907 2528 1041 2597 involvit
1062 2527 1207 2611 sindone,
1229 2542 1264 2598 et
1294 2529 1500 2620 pnsuitaeum

249 2709 253 2716 ¹
303 2623 421 2692 cloria
444 2625 537 2694 Patri:
562 2623 708 2715 Proprie.
907 2623 941 2690 in
963 2632 1171 2689 monumento
1186 2624 1302 2690 exciso.
1320 2621 1395 2688 Fuit
1409 2619 1499 2709 plan·
1639 2667 1643 2672 ⁴

311 2717 344 2784 tl.
367 2719 486 2786 Factus
511 2727 561 2787 est
580 2714 736 2802 abediens
752 2734 859 2808 usque
905 2725 979 2784 ctus
1002 2734 1139 2802 magnus
1156 2714 1188 2781 in
1203 2714 1257 2783 illa
1271 2713 1334 2785 die:
1350 2711 1500 2808 mulieres

266 2805 309 2875 ad
333 2820 479 2879 mortem.
615 2893 619 2900 Ι
906 2819 1014 2876 autem
1053 2805 1201 2875 'sedentes
1240 2817 1352 2876 conca
1391 2803 1500 2895 sepul·

314 2903 507 2986 sutorem
530 2910 638 2970 autem
661 2901 776 2969 crucis.
830 2901 831 2904 ’
909 2900 1025 2969 chrum
1049 2899 1210 2985 dolebant,
1226 2901 1311 2973 sicut
1325 2898 1425 2968 deleri
1447 2917 1501 2966 sn·

347 3013 349 3022 ‘
381 2995 433 3067 Aa
455 2996 592 3078 Nouam,
628 2992 755 3084 Antiph.
911 2993 956 3062 let
979 2996 1010 3061 iu
1035 3005 1138 3064 morte
1159 2994 1369 3086 primogeniti.

316 3085 397 3170 Cum
422 3083 597 3180 accepisset
620 3089 722 3157 lesus.
823 3165 827 3174 ¹
857 3115 861 3153 :
958 3090 1045 3157 Orat.
1075 3087 1287 3181 Omnipotens
1309 3085 1501 3179 sempiterne

239 3209 241 3216 ·
430 3181 528 3273 Capit
619 3179 761 3251 lsa.·.5³.
786 3199 806 3248 1.
912 3181 1009 3252 Deus.
1032 3191 1066 3250 ut
1088 3204 1196 3273 supra.

270 3221 546 3346 Generationem
557 3275 628 3368 ejus
644 3275 717 3367 quis
733 3295 862 3346 enarra·
1232 3296 1236 3302 ·
1257 3287 1261 3294 '

562 3479 790 3614 ‚rusra
831 3451 1228 3600 uuuuuauu?
1284 3456 1300 3547 ’-

502 3847 572 3914 mu
597 3845 628 3914 3.
687 3869 691 3878 ·
1156 3846 1269 3915 Oratio

409 3936 441 4004 S.
466 3938 570 4009 enisu
601 3939 658 4006 En.
681 3938 720 4006 ll.
908 3879 1038 4022 ¹letis,
1054 3940 1110 4036 qui
1128 3941 1260 4008 Beatum
1274 3932 1503 4005 Blasiumllar·

474 4033 560 4120 dupl.
583 4033 660 4122 maj.
760 4071 764 4082 ·
908 4034 1012 4121 lyrein
1029 4102 1032 4112 ,
1049 4043 1141 4101 tuum
1154 4083 1162 4110 ‚
1175 4043 1284 4120 ,atque
1318 4025 1501 4098 Pontificem

296 4120 414 4193 Omnia
428 4123 467 4194 de
486 4123 758 4218 Communicamus
769 4126 861 4196 Mur·
911 4122 941 4186 in
965 4127 1034 4193 suis
1056 4123 1253 4220 perferendis
1276 4121 1453 4214 suppliciis,
1469 4131 1502 4186 et

269 4215 361 4311 tyris,
379 4229 665 4309 praetereaque
688 4226 862 4308 sequamur.
913 4218 945 4287 in
969 4218 1103 4289 alierum
1128 4216 1324 4308 ‹bpellendis
1340 4214 1521 4286 infirmita
