<?xml version="1.0" encoding="UTF-8"?>
<!DOCTYPE html PUBLIC "-//W3C//DTD XHTML 1.0 Transitional//EN"
    "http://www.w3.org/TR/xhtml1/DTD/xhtml1-transitional.dtd">
<html xmlns="http://www.w3.org/1999/xhtml" xml:lang="en" lang="en">
 <head>
  <title>
</title>
<meta http-equiv="Content-Type" content="text/html;charset=utf-8" />
  <meta name='ocr-system' content='tesseract 3.04.00' />
  <meta name='ocr-capabilities' content='ocr_page ocr_carea ocr_par ocr_line ocrx_word'/>
</head>
<body>
  <div class='ocr_page' id='page_1' title='image "./officiasanctoru00churgoog/officiasanctoru00churgoog_0205.png"; bbox 0 0 3584 5034; ppageno 0'>
   <div class='ocr_carea' id='block_1_1' title="bbox 696 613 1517 694">
    <p class='ocr_par' dir='ltr' id='par_1_1' title="bbox 696 613 1517 694">
     <span class='ocr_line' id='line_1_1' title="bbox 696 613 1517 694; baseline 0.002 -6"><span class='ocrx_word' id='word_1_1' title='bbox 696 615 822 690; x_wconf 69' lang='lat' dir='ltr'>FESTA</span> <span class='ocrx_word' id='word_1_2' title='bbox 845 613 1072 692; x_wconf 54' lang='lat' dir='ltr'><strong>nandonis</strong></span> <span class='ocrx_word' id='word_1_3' title='bbox 1428 618 1517 694; x_wconf 68' lang='lat' dir='ltr'><strong>lid,</strong></span> 
     </span>
    </p>
   </div>
   <div class='ocr_carea' id='block_1_2' title="bbox 262 725 1597 3714">
    <p class='ocr_par' dir='ltr' id='par_1_2' title="bbox 262 725 1597 3714">
     <span class='ocr_line' id='line_1_2' title="bbox 419 725 1597 826; baseline 0.003 -29"><span class='ocrx_word' id='word_1_4' title='bbox 419 727 466 797; x_wconf 76' lang='lat' dir='ltr'><strong>rti</strong></span> <span class='ocrx_word' id='word_1_5' title='bbox 488 731 595 824; x_wconf 78' lang='lat' dir='ltr'><strong>Papae</strong></span> <span class='ocrx_word' id='word_1_6' title='bbox 617 733 727 802; x_wconf 45' lang='lat' dir='ltr'><strong>llouis</strong></span> <span class='ocrx_word' id='word_1_7' title='bbox 906 731 1003 816; x_wconf 89' lang='lat' dir='ltr'><strong>bera,</strong></span> <span class='ocrx_word' id='word_1_8' title='bbox 1028 752 1066 800; x_wconf 88' lang='lat' dir='ltr'><strong>oc</strong></span> <span class='ocrx_word' id='word_1_9' title='bbox 1092 725 1158 802; x_wconf 85' lang='lat' dir='ltr'><strong>toto¹</strong></span> <span class='ocrx_word' id='word_1_10' title='bbox 1181 728 1314 824; x_wconf 87' lang='lat' dir='ltr'><strong>pulclrra</strong></span> <span class='ocrx_word' id='word_1_11' title='bbox 1336 741 1369 801; x_wconf 88' lang='lat' dir='ltr'><strong>et</strong></span> <span class='ocrx_word' id='word_1_12' title='bbox 1388 732 1495 822; x_wconf 57' lang='lat' dir='ltr'><strong>partas·</strong></span> <span class='ocrx_word' id='word_1_13' title='bbox 1592 814 1597 826; x_wconf 32' lang='grc' dir='ltr'><strong><em>Ι</em></strong></span> 
     </span>
     <span class='ocr_line' id='line_1_3' title="bbox 482 824 1496 896; baseline -0.001 -2"><span class='ocrx_word' id='word_1_14' title='bbox 482 824 588 895; x_wconf 71' lang='lat' dir='ltr'><strong>Lenia</strong></span> <span class='ocrx_word' id='word_1_15' title='bbox 611 845 651 896; x_wconf 81' lang='grc' dir='ltr'><strong>ιι.</strong></span> <span class='ocrx_word' id='word_1_16' title='bbox 853 839 856 844; x_wconf 81' lang='grc'><strong>’</strong></span> <span class='ocrx_word' id='word_1_17' title='bbox 906 835 958 896; x_wconf 89' lang='lat' dir='ltr'><strong>cta</strong></span> <span class='ocrx_word' id='word_1_18' title='bbox 979 847 1050 895; x_wconf 85' lang='lat' dir='ltr'><strong>eam</strong></span> <span class='ocrx_word' id='word_1_19' title='bbox 1074 825 1274 894; x_wconf 75' lang='lat' dir='ltr'><strong>innocentiae</strong></span> <span class='ocrx_word' id='word_1_20' title='bbox 1294 834 1326 894; x_wconf 90' lang='lat' dir='ltr'><strong>et</strong></span> <span class='ocrx_word' id='word_1_21' title='bbox 1346 826 1496 894; x_wconf 70' lang='lat' dir='ltr'><strong>senodo-</strong></span> 
     </span>
     <span class='ocr_line' id='line_1_4' title="bbox 269 871 1494 1011; baseline 0.004 -31"><span class='ocrx_word' id='word_1_22' title='bbox 269 871 469 986; x_wconf 73' lang='lat' dir='ltr'><strong>lassabitis?</strong></span> <span class='ocrx_word' id='word_1_23' title='bbox 485 919 583 1001; x_wconf 81' lang='lat' dir='ltr'><strong>Deus,</strong></span> <span class='ocrx_word' id='word_1_24' title='bbox 607 922 701 1011; x_wconf 85' lang='lat' dir='ltr'><strong>cujus</strong></span> <span class='ocrx_word' id='word_1_25' title='bbox 715 920 786 989; x_wconf 86' lang='lat' dir='ltr'><strong>viae</strong></span> <span class='ocrx_word' id='word_1_26' title='bbox 801 921 860 988; x_wconf 90' lang='lat' dir='ltr'><strong>mi·</strong></span> <span class='ocrx_word' id='word_1_27' title='bbox 908 919 948 987; x_wconf 84' lang='lat' dir='ltr'><strong>tis</strong></span> <span class='ocrx_word' id='word_1_28' title='bbox 971 918 1201 1011; x_wconf 79' lang='lat' dir='ltr'><strong>plenitudinem</strong></span> <span class='ocrx_word' id='word_1_29' title='bbox 1226 937 1303 1008; x_wconf 90' lang='lat' dir='ltr'><strong>prae</strong></span> <span class='ocrx_word' id='word_1_30' title='bbox 1325 937 1361 986; x_wconf 91' lang='lat' dir='ltr'><strong>se</strong></span> <span class='ocrx_word' id='word_1_31' title='bbox 1382 918 1494 999; x_wconf 84' lang='lat' dir='ltr'><strong>terret,</strong></span> 
     </span>
     <span class='ocr_line' id='line_1_5' title="bbox 269 1009 1495 1104; baseline 0 -24"><span class='ocrx_word' id='word_1_32' title='bbox 269 1009 440 1080; x_wconf 77' lang='lat' dir='ltr'><strong>eoncordia</strong></span> <span class='ocrx_word' id='word_1_33' title='bbox 464 1021 496 1078; x_wconf 91' lang='lat' dir='ltr'><strong>et</strong></span> <span class='ocrx_word' id='word_1_34' title='bbox 518 1014 654 1096; x_wconf 86' lang='lat' dir='ltr'><strong>veritas,</strong></span> <span class='ocrx_word' id='word_1_35' title='bbox 687 1014 781 1104; x_wconf 88' lang='lat' dir='ltr'><strong>oujus</strong></span> <span class='ocrx_word' id='word_1_36' title='bbox 804 1035 860 1082; x_wconf 87' lang='lat' dir='ltr'><strong>vo·</strong></span> <span class='ocrx_word' id='word_1_37' title='bbox 907 1034 972 1103; x_wconf 90' lang='lat' dir='ltr'><strong>qua</strong></span> <span class='ocrx_word' id='word_1_38' title='bbox 996 1015 1097 1101; x_wconf 77' lang='lat' dir='ltr'><strong>major</strong></span> <span class='ocrx_word' id='word_1_39' title='bbox 1120 1011 1182 1081; x_wconf 83' lang='lat' dir='ltr'><strong>sub</strong></span> <span class='ocrx_word' id='word_1_40' title='bbox 1213 1013 1280 1080; x_wconf 86' lang='lat' dir='ltr'><strong>Deo</strong></span> <span class='ocrx_word' id='word_1_41' title='bbox 1314 1011 1495 1080; x_wconf 85' lang='lat' dir='ltr'><strong>nullatenus</strong></span> 
     </span>
     <span class='ocr_line' id='line_1_6' title="bbox 269 1105 1497 1196; baseline -0.001 -24"><span class='ocrx_word' id='word_1_42' title='bbox 269 1106 375 1172; x_wconf 88' lang='lat' dir='ltr'><strong>luntas</strong></span> <span class='ocrx_word' id='word_1_43' title='bbox 407 1105 655 1195; x_wconf 89' lang='lat' dir='ltr'><strong>omnipotentia,</strong></span> <span class='ocrx_word' id='word_1_44' title='bbox 696 1118 728 1176; x_wconf 90' lang='lat' dir='ltr'><strong>et</strong></span> <span class='ocrx_word' id='word_1_45' title='bbox 765 1109 859 1196; x_wconf 86' lang='lat' dir='ltr'><strong>cujus</strong></span> <span class='ocrx_word' id='word_1_46' title='bbox 907 1106 1118 1196; x_wconf 86' lang='lat' dir='ltr'><strong>intelligitur,</strong></span> <span class='ocrx_word' id='word_1_47' title='bbox 1161 1115 1192 1174; x_wconf 89' lang='lat' dir='ltr'><strong>et</strong></span> <span class='ocrx_word' id='word_1_48' title='bbox 1231 1125 1329 1194; x_wconf 86' lang='lat' dir='ltr'><strong>quam</strong></span> <span class='ocrx_word' id='word_1_49' title='bbox 1372 1115 1497 1196; x_wconf 89' lang='lat' dir='ltr'><strong>praeter</strong></span> 
     </span>
     <span class='ocr_line' id='line_1_7' title="bbox 268 1197 1497 1289; baseline -0.002 -23"><span class='ocrx_word' id='word_1_50' title='bbox 268 1198 422 1286; x_wconf 81' lang='lat' dir='ltr'><strong>sapientia</strong></span> <span class='ocrx_word' id='word_1_51' title='bbox 443 1200 568 1287; x_wconf 89' lang='lat' dir='ltr'><strong>attingit</strong></span> <span class='ocrx_word' id='word_1_52' title='bbox 601 1222 621 1268; x_wconf 91' lang='lat' dir='ltr'><strong>a</strong></span> <span class='ocrx_word' id='word_1_53' title='bbox 654 1199 720 1268; x_wconf 86' lang='lat' dir='ltr'><strong>fine</strong></span> <span class='ocrx_word' id='word_1_54' title='bbox 753 1221 860 1289; x_wconf 91' lang='lat' dir='ltr'><strong>usqua</strong></span> <span class='ocrx_word' id='word_1_55' title='bbox 907 1200 1010 1267; x_wconf 88' lang='lat' dir='ltr'><strong>Deum</strong></span> <span class='ocrx_word' id='word_1_56' title='bbox 1039 1220 1133 1266; x_wconf 90' lang='lat' dir='ltr'><strong>nemo</strong></span> <span class='ocrx_word' id='word_1_57' title='bbox 1166 1199 1295 1288; x_wconf 82' lang='lat' dir='ltr'><strong>assequi</strong></span> <span class='ocrx_word' id='word_1_58' title='bbox 1328 1197 1497 1287; x_wconf 87' lang='lat' dir='ltr'><strong>cogitando</strong></span> 
     </span>
     <span class='ocr_line' id='line_1_8' title="bbox 270 1288 1498 1383; baseline 0.001 -27"><span class='ocrx_word' id='word_1_59' title='bbox 270 1288 431 1357; x_wconf 85' lang='lat' dir='ltr'><strong>adfinem</strong></span> <span class='ocrx_word' id='word_1_60' title='bbox 470 1290 610 1375; x_wconf 80' lang='lat' dir='ltr'><strong>fortiter,</strong></span> <span class='ocrx_word' id='word_1_61' title='bbox 650 1305 683 1361; x_wconf 91' lang='lat' dir='ltr'><strong>et</strong></span> <span class='ocrx_word' id='word_1_62' title='bbox 720 1293 859 1382; x_wconf 78' lang='lat' dir='ltr'><strong>disponit</strong></span> <span class='ocrx_word' id='word_1_63' title='bbox 907 1303 1018 1382; x_wconf 86' lang='lat' dir='ltr'><strong>potest</strong></span> <span class='ocrx_word' id='word_1_64' title='bbox 1045 1294 1083 1360; x_wconf 87' lang='lat' dir='ltr'><strong>Et</strong></span> <span class='ocrx_word' id='word_1_65' title='bbox 1106 1291 1236 1383; x_wconf 89' lang='lat' dir='ltr'><strong>quidem</strong></span> <span class='ocrx_word' id='word_1_66' title='bbox 1261 1290 1395 1360; x_wconf 85' lang='lat' dir='ltr'><strong>decebat</strong></span> <span class='ocrx_word' id='word_1_67' title='bbox 1429 1311 1498 1357; x_wconf 88' lang='lat' dir='ltr'><strong>nm·</strong></span> 
     </span>
     <span class='ocr_line' id='line_1_9' title="bbox 271 1384 1498 1476; baseline 0 -25"><span class='ocrx_word' id='word_1_68' title='bbox 271 1384 379 1451; x_wconf 86' lang='lat' dir='ltr'><strong>omnia</strong></span> <span class='ocrx_word' id='word_1_69' title='bbox 400 1386 562 1467; x_wconf 83' lang='lat' dir='ltr'><strong>suaviter,</strong></span> <span class='ocrx_word' id='word_1_70' title='bbox 599 1405 674 1454; x_wconf 89' lang='lat' dir='ltr'><strong>cum</strong></span> <span class='ocrx_word' id='word_1_71' title='bbox 710 1386 751 1453; x_wconf 88' lang='lat' dir='ltr'><strong>ab</strong></span> <span class='ocrx_word' id='word_1_72' title='bbox 776 1386 862 1454; x_wconf 88' lang='lat' dir='ltr'><strong>omni</strong></span> <span class='ocrx_word' id='word_1_73' title='bbox 908 1387 996 1466; x_wconf 90' lang='lat' dir='ltr'><strong>nino,</strong></span> <span class='ocrx_word' id='word_1_74' title='bbox 1022 1397 1058 1452; x_wconf 93' lang='lat' dir='ltr'><strong>ut</strong></span> <span class='ocrx_word' id='word_1_75' title='bbox 1082 1386 1328 1476; x_wconf 82' lang='lat' dir='ltr'><strong>perfectissimae</strong></span> <span class='ocrx_word' id='word_1_76' title='bbox 1350 1385 1498 1452; x_wconf 86' lang='lat' dir='ltr'><strong>sanctita·</strong></span> 
     </span>
     <span class='ocr_line' id='line_1_10' title="bbox 269 1477 1500 1569; baseline 0 -25"><span class='ocrx_word' id='word_1_77' title='bbox 269 1478 451 1544; x_wconf 77' lang='lat' dir='ltr'><strong>aeternitate</strong></span> <span class='ocrx_word' id='word_1_78' title='bbox 474 1478 664 1567; x_wconf 83' lang='lat' dir='ltr'><strong>praeviderit</strong></span> <span class='ocrx_word' id='word_1_79' title='bbox 687 1479 860 1548; x_wconf 83' lang='lat' dir='ltr'><strong>luctuosis·</strong></span> <span class='ocrx_word' id='word_1_80' title='bbox 908 1479 947 1546; x_wconf 91' lang='lat' dir='ltr'><strong>tis</strong></span> <span class='ocrx_word' id='word_1_81' title='bbox 970 1477 1195 1569; x_wconf 80' lang='lat' dir='ltr'><strong>splendoribus</strong></span> <span class='ocrx_word' id='word_1_82' title='bbox 1230 1499 1356 1569; x_wconf 85' lang='lat' dir='ltr'><strong>semper</strong></span> <span class='ocrx_word' id='word_1_83' title='bbox 1390 1487 1500 1544; x_wconf 89' lang='lat' dir='ltr'><strong>ornata</strong></span> 
     </span>
     <span class='ocr_line' id='line_1_11' title="bbox 270 1570 1500 1661; baseline -0.002 -24"><span class='ocrx_word' id='word_1_84' title='bbox 270 1571 388 1640; x_wconf 87' lang='lat' dir='ltr'><strong>simam</strong></span> <span class='ocrx_word' id='word_1_85' title='bbox 396 1573 493 1637; x_wconf 88' lang='lat' dir='ltr'><strong>totius</strong></span> <span class='ocrx_word' id='word_1_86' title='bbox 509 1572 636 1640; x_wconf 88' lang='lat' dir='ltr'><strong>humani</strong></span> <span class='ocrx_word' id='word_1_87' title='bbox 655 1575 779 1661; x_wconf 90' lang='lat' dir='ltr'><strong>generis</strong></span> <span class='ocrx_word' id='word_1_88' title='bbox 796 1574 861 1640; x_wconf 87' lang='lat' dir='ltr'><strong>rui·</strong></span> <span class='ocrx_word' id='word_1_89' title='bbox 909 1572 1054 1661; x_wconf 77' lang='lat' dir='ltr'><strong>fulgeret,</strong></span> <span class='ocrx_word' id='word_1_90' title='bbox 1079 1591 1117 1638; x_wconf 88' lang='lat' dir='ltr'><strong>ae</strong></span> <span class='ocrx_word' id='word_1_91' title='bbox 1141 1570 1190 1640; x_wconf 91' lang='lat' dir='ltr'><strong>vel</strong></span> <span class='ocrx_word' id='word_1_92' title='bbox 1208 1570 1249 1638; x_wconf 92' lang='lat' dir='ltr'><strong>ab</strong></span> <span class='ocrx_word' id='word_1_93' title='bbox 1271 1574 1340 1661; x_wconf 90' lang='lat' dir='ltr'><strong>ipsa</strong></span> <span class='ocrx_word' id='word_1_94' title='bbox 1364 1570 1500 1658; x_wconf 85' lang='lat' dir='ltr'><strong>origina-</strong></span> 
     </span>
     <span class='ocr_line' id='line_1_12' title="bbox 270 1663 1576 1756; baseline -0.002 -27"><span class='ocrx_word' id='word_1_95' title='bbox 270 1685 353 1730; x_wconf 60' lang='lat' dir='ltr'><strong>nam»</strong></span> <span class='ocrx_word' id='word_1_96' title='bbox 379 1684 418 1731; x_wconf 87' lang='lat' dir='ltr'><strong>ex</strong></span> <span class='ocrx_word' id='word_1_97' title='bbox 458 1663 573 1732; x_wconf 84' lang='lat' dir='ltr'><strong>Adami</strong></span> <span class='ocrx_word' id='word_1_98' title='bbox 612 1668 864 1756; x_wconf 81' lang='lat' dir='ltr'><strong>transgressione</strong></span> <span class='ocrx_word' id='word_1_99' title='bbox 911 1665 950 1732; x_wconf 91' lang='lat' dir='ltr'><strong>lis</strong></span> <span class='ocrx_word' id='word_1_100' title='bbox 973 1666 1089 1756; x_wconf 89' lang='lat' dir='ltr'><strong>culpae</strong></span> <span class='ocrx_word' id='word_1_101' title='bbox 1112 1664 1184 1734; x_wconf 88' lang='lat' dir='ltr'><strong>labe</strong></span> <span class='ocrx_word' id='word_1_102' title='bbox 1220 1664 1316 1755; x_wconf 90' lang='lat' dir='ltr'><strong>plane</strong></span> <span class='ocrx_word' id='word_1_103' title='bbox 1349 1664 1500 1742; x_wconf 87' lang='lat' dir='ltr'><strong>immunis</strong></span> <span class='ocrx_word' id='word_1_104' title='bbox 1572 1715 1576 1726; x_wconf 80' lang='grc'>.</span> 
     </span>
     <span class='ocr_line' id='line_1_13' title="bbox 269 1754 1501 1852; baseline 0.001 -29"><span class='ocrx_word' id='word_1_105' title='bbox 269 1754 495 1839; x_wconf 84' lang='lat' dir='ltr'><strong>derivandam,</strong></span> <span class='ocrx_word' id='word_1_106' title='bbox 531 1769 629 1850; x_wconf 89' lang='lat' dir='ltr'><strong>atque</strong></span> <span class='ocrx_word' id='word_1_107' title='bbox 654 1760 685 1826; x_wconf 93' lang='lat' dir='ltr'><strong>in</strong></span> <span class='ocrx_word' id='word_1_108' title='bbox 709 1762 860 1852; x_wconf 85' lang='lat' dir='ltr'><strong>mysterio</strong></span> <span class='ocrx_word' id='word_1_109' title='bbox 907 1757 1137 1850; x_wconf 87' lang='lat' dir='ltr'><strong>amplissimum</strong></span> <span class='ocrx_word' id='word_1_110' title='bbox 1153 1757 1194 1826; x_wconf 90' lang='lat' dir='ltr'><strong>de</strong></span> <span class='ocrx_word' id='word_1_111' title='bbox 1215 1757 1346 1847; x_wconf 89' lang='lat' dir='ltr'><strong>antiquo</strong></span> <span class='ocrx_word' id='word_1_112' title='bbox 1370 1777 1501 1847; x_wconf 83' lang='lat' dir='ltr'><strong>serpen-</strong></span> 
     </span>
     <span class='ocr_line' id='line_1_14' title="bbox 268 1850 1499 1944; baseline 0.002 -28"><span class='ocrx_word' id='word_1_113' title='bbox 268 1871 289 1916; x_wconf 85' lang='lat' dir='ltr'><strong>a</strong></span> <span class='ocrx_word' id='word_1_114' title='bbox 321 1851 461 1918; x_wconf 88' lang='lat' dir='ltr'><strong>saeculis</strong></span> <span class='ocrx_word' id='word_1_115' title='bbox 489 1850 679 1921; x_wconf 88' lang='lat' dir='ltr'><strong>abscondito</strong></span> <span class='ocrx_word' id='word_1_116' title='bbox 718 1856 860 1944; x_wconf 84' lang='lat' dir='ltr'><strong>primurn</strong></span> <span class='ocrx_word' id='word_1_117' title='bbox 908 1862 940 1920; x_wconf 88' lang='lat' dir='ltr'><strong>te</strong></span> <span class='ocrx_word' id='word_1_118' title='bbox 962 1851 1159 1942; x_wconf 87' lang='lat' dir='ltr'><strong>triumphum</strong></span> <span class='ocrx_word' id='word_1_119' title='bbox 1184 1851 1328 1919; x_wconf 81' lang='lat' dir='ltr'><strong>referret·</strong></span> <span class='ocrx_word' id='word_1_120' title='bbox 1344 1861 1407 1918; x_wconf 87' lang='lat' dir='ltr'><strong>turn</strong></span> <span class='ocrx_word' id='word_1_121' title='bbox 1439 1869 1499 1918; x_wconf 89' lang='lat' dir='ltr'><strong>ve-</strong></span> 
     </span>
     <span class='ocr_line' id='line_1_15' title="bbox 268 1941 1500 2037; baseline -0.001 -27"><span class='ocrx_word' id='word_1_122' title='bbox 268 1963 348 2010; x_wconf 88' lang='lat' dir='ltr'><strong>suae</strong></span> <span class='ocrx_word' id='word_1_123' title='bbox 371 1943 521 2016; x_wconf 83' lang='lat' dir='ltr'><strong>bonitatis</strong></span> <span class='ocrx_word' id='word_1_124' title='bbox 559 1966 643 2037; x_wconf 84' lang='lat' dir='ltr'><strong>opus</strong></span> <span class='ocrx_word' id='word_1_125' title='bbox 683 1946 861 2018; x_wconf 87' lang='lat' dir='ltr'><strong>decreverit</strong></span> <span class='ocrx_word' id='word_1_126' title='bbox 908 1941 1059 2014; x_wconf 89' lang='lat' dir='ltr'><strong>uerabilis</strong></span> <span class='ocrx_word' id='word_1_127' title='bbox 1085 1955 1194 2026; x_wconf 87' lang='lat' dir='ltr'><strong>mater,</strong></span> <span class='ocrx_word' id='word_1_128' title='bbox 1217 1945 1271 2012; x_wconf 92' lang='lat' dir='ltr'><strong>cui</strong></span> <span class='ocrx_word' id='word_1_129' title='bbox 1295 1945 1383 2012; x_wconf 88' lang='lat' dir='ltr'><strong>Deus</strong></span> <span class='ocrx_word' id='word_1_130' title='bbox 1408 1945 1500 2010; x_wconf 85' lang='lat' dir='ltr'><strong>Pater</strong></span> 
     </span>
     <span class='ocr_line' id='line_1_16' title="bbox 268 2035 1501 2127; baseline 0 -23"><span class='ocrx_word' id='word_1_131' title='bbox 268 2057 328 2127; x_wconf 88' lang='lat' dir='ltr'><strong>per</strong></span> <span class='ocrx_word' id='word_1_132' title='bbox 350 2036 447 2104; x_wconf 78' lang='lat' dir='ltr'><strong>Verbi</strong></span> <span class='ocrx_word' id='word_1_133' title='bbox 469 2038 715 2109; x_wconf 83' lang='lat' dir='ltr'><strong>incarnationem</strong></span> <span class='ocrx_word' id='word_1_134' title='bbox 752 2059 859 2108; x_wconf 90' lang='lat' dir='ltr'><strong>sacra·</strong></span> <span class='ocrx_word' id='word_1_135' title='bbox 906 2041 1036 2107; x_wconf 89' lang='lat' dir='ltr'><strong>unicum</strong></span> <span class='ocrx_word' id='word_1_136' title='bbox 1062 2037 1178 2106; x_wconf 80' lang='lat' dir='ltr'><strong>Filium</strong></span> <span class='ocrx_word' id='word_1_137' title='bbox 1203 2059 1309 2119; x_wconf 87' lang='lat' dir='ltr'><strong>suurn,</strong></span> <span class='ocrx_word' id='word_1_138' title='bbox 1338 2057 1436 2126; x_wconf 90' lang='lat' dir='ltr'><strong>quem</strong></span> <span class='ocrx_word' id='word_1_139' title='bbox 1458 2035 1501 2104; x_wconf 81' lang='lat' dir='ltr'><strong>do</strong></span> 
     </span>
     <span class='ocr_line' id='line_1_17' title="bbox 267 2129 1498 2224; baseline 0.001 -29"><span class='ocrx_word' id='word_1_140' title='bbox 267 2139 378 2196; x_wconf 88' lang='lat' dir='ltr'><strong>mento</strong></span> <span class='ocrx_word' id='word_1_141' title='bbox 400 2130 576 2199; x_wconf 88' lang='lat' dir='ltr'><strong>occultiore</strong></span> <span class='ocrx_word' id='word_1_142' title='bbox 605 2134 788 2224; x_wconf 88' lang='lat' dir='ltr'><strong>complere,</strong></span> <span class='ocrx_word' id='word_1_143' title='bbox 824 2141 862 2200; x_wconf 92' lang='lat' dir='ltr'><strong>ut</strong></span> <span class='ocrx_word' id='word_1_144' title='bbox 907 2131 1006 2201; x_wconf 89' lang='lat' dir='ltr'><strong>corde</strong></span> <span class='ocrx_word' id='word_1_145' title='bbox 1029 2152 1090 2200; x_wconf 92' lang='lat' dir='ltr'><strong>suo</strong></span> <span class='ocrx_word' id='word_1_146' title='bbox 1112 2131 1291 2220; x_wconf 88' lang='lat' dir='ltr'><strong>aequalem</strong></span> <span class='ocrx_word' id='word_1_147' title='bbox 1314 2129 1376 2197; x_wconf 84' lang='lat' dir='ltr'><strong>sibi</strong></span> <span class='ocrx_word' id='word_1_148' title='bbox 1410 2131 1498 2217; x_wconf 87' lang='lat' dir='ltr'><strong>geni-</strong></span> 
     </span>
     <span class='ocr_line' id='line_1_18' title="bbox 268 2223 1499 2316; baseline 0.002 -28"><span class='ocrx_word' id='word_1_149' title='bbox 268 2233 388 2289; x_wconf 88' lang='lat' dir='ltr'><strong>contra·</strong></span> <span class='ocrx_word' id='word_1_150' title='bbox 404 2223 584 2291; x_wconf 86' lang='lat' dir='ltr'><strong>misericors</strong></span> <span class='ocrx_word' id='word_1_151' title='bbox 611 2248 708 2292; x_wconf 90' lang='lat' dir='ltr'><strong>suum</strong></span> <span class='ocrx_word' id='word_1_152' title='bbox 743 2242 861 2314; x_wconf 82' lang='lat' dir='ltr'><strong>propo·</strong></span> <span class='ocrx_word' id='word_1_153' title='bbox 909 2235 1175 2316; x_wconf 82' lang='lat' dir='ltr'><strong>tum,tamquan1</strong></span> <span class='ocrx_word' id='word_1_154' title='bbox 1211 2225 1351 2316; x_wconf 90' lang='lat' dir='ltr'><strong>seipsum</strong></span> <span class='ocrx_word' id='word_1_155' title='bbox 1386 2223 1499 2312; x_wconf 82' lang='lat' dir='ltr'><strong>diligit,</strong></span> 
     </span>
     <span class='ocr_line' id='line_1_19' title="bbox 267 2313 1502 2409; baseline 0.001 -26"><span class='ocrx_word' id='word_1_156' title='bbox 267 2316 367 2384; x_wconf 63' lang='lat' dir='ltr'><strong>utum</strong></span> <span class='ocrx_word' id='word_1_157' title='bbox 390 2313 488 2388; x_wconf 81' lang='lat' dir='ltr'><strong>homo</strong></span> <span class='ocrx_word' id='word_1_158' title='bbox 510 2315 686 2386; x_wconf 84' lang='lat' dir='ltr'><strong>diabolicae</strong></span> <span class='ocrx_word' id='word_1_159' title='bbox 715 2318 862 2408; x_wconf 85' lang='lat' dir='ltr'><strong>iniquita·</strong></span> <span class='ocrx_word' id='word_1_160' title='bbox 909 2320 952 2386; x_wconf 87' lang='lat' dir='ltr'><strong>ita</strong></span> <span class='ocrx_word' id='word_1_161' title='bbox 976 2317 1052 2386; x_wconf 87' lang='lat' dir='ltr'><strong>dare</strong></span> <span class='ocrx_word' id='word_1_162' title='bbox 1075 2317 1253 2409; x_wconf 85' lang='lat' dir='ltr'><strong>disposuit,</strong></span> <span class='ocrx_word' id='word_1_163' title='bbox 1279 2328 1316 2386; x_wconf 88' lang='lat' dir='ltr'><strong>nt</strong></span> <span class='ocrx_word' id='word_1_164' title='bbox 1350 2317 1502 2384; x_wconf 87' lang='lat' dir='ltr'><strong>naturali·</strong></span> 
     </span>
     <span class='ocr_line' id='line_1_20' title="bbox 268 2409 1502 2502; baseline 0.002 -27"><span class='ocrx_word' id='word_1_165' title='bbox 268 2409 310 2475; x_wconf 87' lang='lat' dir='ltr'><strong>tis</strong></span> <span class='ocrx_word' id='word_1_166' title='bbox 333 2411 473 2476; x_wconf 86' lang='lat' dir='ltr'><strong>versutia</strong></span> <span class='ocrx_word' id='word_1_167' title='bbox 495 2421 587 2478; x_wconf 92' lang='lat' dir='ltr'><strong>actus</strong></span> <span class='ocrx_word' id='word_1_168' title='bbox 602 2412 634 2478; x_wconf 94' lang='lat' dir='ltr'><strong>in</strong></span> <span class='ocrx_word' id='word_1_169' title='bbox 649 2412 776 2502; x_wconf 88' lang='lat' dir='ltr'><strong>culpam</strong></span> <span class='ocrx_word' id='word_1_170' title='bbox 795 2429 860 2478; x_wconf 93' lang='lat' dir='ltr'><strong>non</strong></span> <span class='ocrx_word' id='word_1_171' title='bbox 908 2422 957 2479; x_wconf 89' lang='lat' dir='ltr'><strong>ter</strong></span> <span class='ocrx_word' id='word_1_172' title='bbox 980 2420 1063 2480; x_wconf 88' lang='lat' dir='ltr'><strong>esset</strong></span> <span class='ocrx_word' id='word_1_173' title='bbox 1086 2433 1171 2479; x_wconf 88' lang='lat' dir='ltr'><strong>unus</strong></span> <span class='ocrx_word' id='word_1_174' title='bbox 1189 2410 1339 2501; x_wconf 88' lang='lat' dir='ltr'><strong>idemque</strong></span> <span class='ocrx_word' id='word_1_175' title='bbox 1355 2427 1502 2478; x_wconf 86' lang='lat' dir='ltr'><strong>commu-</strong></span> 
     </span>
     <span class='ocr_line' id='line_1_21' title="bbox 267 2501 1500 2614; baseline 0.002 -47"><span class='ocrx_word' id='word_1_176' title='bbox 267 2503 396 2593; x_wconf 87' lang='lat' dir='ltr'><strong>periret,</strong></span> <span class='ocrx_word' id='word_1_177' title='bbox 420 2513 452 2570; x_wconf 93' lang='lat' dir='ltr'><strong>et</strong></span> <span class='ocrx_word' id='word_1_178' title='bbox 465 2503 565 2592; x_wconf 91' lang='lat' dir='ltr'><strong>quod</strong></span> <span class='ocrx_word' id='word_1_179' title='bbox 588 2506 620 2572; x_wconf 93' lang='lat' dir='ltr'><strong>in</strong></span> <span class='ocrx_word' id='word_1_180' title='bbox 643 2506 750 2614; x_wconf 92' lang='lat' dir='ltr'><strong>primo.</strong></span> <span class='ocrx_word' id='word_1_181' title='bbox 777 2502 863 2570; x_wconf 77' lang='lat' dir='ltr'><strong>eda·</strong></span> <span class='ocrx_word' id='word_1_182' title='bbox 910 2507 961 2570; x_wconf 89' lang='lat' dir='ltr'><strong>nis</strong></span> <span class='ocrx_word' id='word_1_183' title='bbox 984 2504 1043 2570; x_wconf 90' lang='lat' dir='ltr'><strong>Dei</strong></span> <span class='ocrx_word' id='word_1_184' title='bbox 1067 2504 1166 2570; x_wconf 88' lang='lat' dir='ltr'><strong>Patris</strong></span> <span class='ocrx_word' id='word_1_185' title='bbox 1181 2513 1213 2571; x_wconf 91' lang='lat' dir='ltr'><strong>et</strong></span> <span class='ocrx_word' id='word_1_186' title='bbox 1233 2503 1367 2591; x_wconf 83' lang='lat' dir='ltr'><strong>Virginis</strong></span> <span class='ocrx_word' id='word_1_187' title='bbox 1391 2501 1500 2572; x_wconf 83' lang='lat' dir='ltr'><strong>Filius.</strong></span> 
     </span>
     <span class='ocr_line' id='line_1_22' title="bbox 268 2593 1334 2686; baseline 0.002 -25"><span class='ocrx_word' id='word_1_188' title='bbox 268 2614 324 2661; x_wconf 92' lang='lat' dir='ltr'><strong>mo</strong></span> <span class='ocrx_word' id='word_1_189' title='bbox 347 2617 500 2663; x_wconf 90' lang='lat' dir='ltr'><strong>casurum</strong></span> <span class='ocrx_word' id='word_1_190' title='bbox 522 2607 608 2681; x_wconf 90' lang='lat' dir='ltr'><strong>erat,</strong></span> <span class='ocrx_word' id='word_1_191' title='bbox 644 2621 679 2665; x_wconf 86' lang='lat' dir='ltr'><strong>m</strong></span> <span class='ocrx_word' id='word_1_192' title='bbox 717 2595 861 2665; x_wconf 88' lang='lat' dir='ltr'><strong>secundo</strong></span> <span class='ocrx_word' id='word_1_193' title='bbox 905 2627 907 2632; x_wconf 89' lang='lat'><em>·</em></span> <span class='ocrx_word' id='word_1_194' title='bbox 955 2598 987 2674; x_wconf 70' lang='lat' dir='ltr'><strong>d.</strong></span> <span class='ocrx_word' id='word_1_195' title='bbox 1012 2593 1095 2662; x_wconf 91' lang='lat' dir='ltr'><strong>Nihil</strong></span> <span class='ocrx_word' id='word_1_196' title='bbox 1123 2595 1334 2686; x_wconf 89' lang='lat' dir='ltr'><strong>inquinatum.</strong></span> 
     </span>
     <span class='ocr_line' id='line_1_23' title="bbox 270 2681 1277 2778; baseline -0.001 -23"><span class='ocrx_word' id='word_1_197' title='bbox 270 2681 395 2756; x_wconf 74' lang='lat' dir='ltr'><strong>felicius</strong></span> <span class='ocrx_word' id='word_1_198' title='bbox 417 2689 612 2778; x_wconf 87' lang='lat' dir='ltr'><strong>erigeretur,</strong></span> <span class='ocrx_word' id='word_1_199' title='bbox 646 2692 688 2759; x_wconf 77' lang='lat' dir='ltr'><strong>alr</strong></span> <span class='ocrx_word' id='word_1_200' title='bbox 720 2690 807 2758; x_wconf 92' lang='lat' dir='ltr'><strong>initio</strong></span> <span class='ocrx_word' id='word_1_201' title='bbox 830 2699 863 2757; x_wconf 90' lang='lat' dir='ltr'><strong>et</strong></span> <span class='ocrx_word' id='word_1_202' title='bbox 1130 2690 1212 2757; x_wconf 85' lang='lat' dir='ltr'><strong>Lect.</strong></span> <span class='ocrx_word' id='word_1_203' title='bbox 1236 2705 1277 2755; x_wconf 86' lang='lat' dir='ltr'><strong>vt.</strong></span> 
     </span>
     <span class='ocr_line' id='line_1_24' title="bbox 271 2735 1501 2878; baseline 0.002 -31"><span class='ocrx_word' id='word_1_204' title='bbox 271 2782 497 2878; x_wconf 55' lang='lat' dir='ltr'><strong>anteisaecula</strong></span> <span class='ocrx_word' id='word_1_205' title='bbox 520 2781 785 2875; x_wconf 77' lang='lat' dir='ltr'><strong>Unigenitollilio</strong></span> <span class='ocrx_word' id='word_1_206' title='bbox 800 2801 862 2852; x_wconf 85' lang='lat' dir='ltr'><strong>suo</strong></span> <span class='ocrx_word' id='word_1_207' title='bbox 910 2735 1043 2873; x_wconf 72' lang='lat' dir='ltr'><strong>Quam</strong></span> <span class='ocrx_word' id='word_1_208' title='bbox 1059 2782 1246 2872; x_wconf 89' lang='lat' dir='ltr'><strong>originalem</strong></span> <span class='ocrx_word' id='word_1_209' title='bbox 1261 2791 1416 2872; x_wconf 89' lang='lat' dir='ltr'><strong>augustae</strong></span> <span class='ocrx_word' id='word_1_210' title='bbox 1433 2781 1501 2850; x_wconf 78' lang='lat' dir='ltr'><strong>Vir·</strong></span> 
     </span>
     <span class='ocr_line' id='line_1_25' title="bbox 271 2873 1502 2966; baseline 0.002 -26"><span class='ocrx_word' id='word_1_211' title='bbox 271 2874 412 2957; x_wconf 86' lang='lat' dir='ltr'><strong>llatrem,</strong></span> <span class='ocrx_word' id='word_1_212' title='bbox 435 2890 476 2944; x_wconf 82' lang='lat' dir='ltr'><strong>ex</strong></span> <span class='ocrx_word' id='word_1_213' title='bbox 497 2897 566 2965; x_wconf 89' lang='lat' dir='ltr'><strong>qua</strong></span> <span class='ocrx_word' id='word_1_214' title='bbox 587 2897 664 2946; x_wconf 90' lang='lat' dir='ltr'><strong>caro</strong></span> <span class='ocrx_word' id='word_1_215' title='bbox 687 2878 791 2946; x_wconf 86' lang='lat' dir='ltr'><strong>iactus</strong></span> <span class='ocrx_word' id='word_1_216' title='bbox 830 2877 863 2944; x_wconf 92' lang='lat' dir='ltr'><strong>in</strong></span> <span class='ocrx_word' id='word_1_217' title='bbox 909 2878 990 2966; x_wconf 88' lang='lat' dir='ltr'><strong>ginis</strong></span> <span class='ocrx_word' id='word_1_218' title='bbox 1014 2877 1226 2944; x_wconf 88' lang='lat' dir='ltr'><strong>innocentiam</strong></span> <span class='ocrx_word' id='word_1_219' title='bbox 1250 2895 1326 2944; x_wconf 88' lang='lat' dir='ltr'><strong>oum</strong></span> <span class='ocrx_word' id='word_1_220' title='bbox 1365 2873 1502 2944; x_wconf 80' lang='lat' dir='ltr'><strong>admira·</strong></span> 
     </span>
     <span class='ocr_line' id='line_1_26' title="bbox 266 2966 1500 3062; baseline -0.001 -27"><span class='ocrx_word' id='word_1_221' title='bbox 266 2966 366 3036; x_wconf 78' lang='lat' dir='ltr'><strong>beata</strong></span> <span class='ocrx_word' id='word_1_222' title='bbox 389 2978 569 3058; x_wconf 90' lang='lat' dir='ltr'><strong>temporum</strong></span> <span class='ocrx_word' id='word_1_223' title='bbox 592 2969 787 3062; x_wconf 89' lang='lat' dir='ltr'><strong>plenitudine</strong></span> <span class='ocrx_word' id='word_1_224' title='bbox 800 2991 861 3038; x_wconf 83' lang='lat' dir='ltr'><strong>na·</strong></span> <span class='ocrx_word' id='word_1_225' title='bbox 907 2969 966 3037; x_wconf 87' lang='lat' dir='ltr'><strong>bili</strong></span> <span class='ocrx_word' id='word_1_226' title='bbox 987 2968 1131 3059; x_wconf 88' lang='lat' dir='ltr'><strong>ejusdem</strong></span> <span class='ocrx_word' id='word_1_227' title='bbox 1156 2970 1322 3038; x_wconf 83' lang='lat' dir='ltr'><strong>sanctitate</strong></span> <span class='ocrx_word' id='word_1_228' title='bbox 1357 2968 1500 3061; x_wconf 89' lang='lat' dir='ltr'><strong>praecel-</strong></span> 
     </span>
     <span class='ocr_line' id='line_1_27' title="bbox 272 3061 1500 3155; baseline 0 -26"><span class='ocrx_word' id='word_1_229' title='bbox 272 3070 425 3144; x_wconf 83' lang='lat' dir='ltr'><strong>sceretur,</strong></span> <span class='ocrx_word' id='word_1_230' title='bbox 449 3062 544 3153; x_wconf 88' lang='lat' dir='ltr'><strong>elegit</strong></span> <span class='ocrx_word' id='word_1_231' title='bbox 563 3074 663 3155; x_wconf 86' lang='lat' dir='ltr'><strong>atque</strong></span> <span class='ocrx_word' id='word_1_232' title='bbox 691 3062 859 3145; x_wconf 88' lang='lat' dir='ltr'><strong>ordinavit,</strong></span> <span class='ocrx_word' id='word_1_233' title='bbox 908 3083 1010 3154; x_wconf 87' lang='lat' dir='ltr'><strong>saque</strong></span> <span class='ocrx_word' id='word_1_234' title='bbox 1033 3063 1091 3132; x_wconf 85' lang='lat' dir='ltr'><strong>Dei</strong></span> <span class='ocrx_word' id='word_1_235' title='bbox 1116 3063 1223 3132; x_wconf 88' lang='lat' dir='ltr'><strong>llatris</strong></span> <span class='ocrx_word' id='word_1_236' title='bbox 1257 3061 1407 3152; x_wconf 87' lang='lat' dir='ltr'><strong>dignitate</strong></span> <span class='ocrx_word' id='word_1_237' title='bbox 1430 3081 1500 3129; x_wconf 90' lang='lat' dir='ltr'><strong>om-</strong></span> 
     </span>
     <span class='ocr_line' id='line_1_28' title="bbox 265 3154 1500 3247; baseline 0.001 -26"><span class='ocrx_word' id='word_1_238' title='bbox 265 3164 518 3247; x_wconf 83' lang='lat' dir='ltr'><strong>tnntoqueprae</strong></span> <span class='ocrx_word' id='word_1_239' title='bbox 531 3158 687 3226; x_wconf 75' lang='lat' dir='ltr'><strong>crmturis</strong></span> <span class='ocrx_word' id='word_1_240' title='bbox 703 3156 862 3226; x_wconf 86' lang='lat' dir='ltr'><strong>universis</strong></span> <span class='ocrx_word' id='word_1_241' title='bbox 908 3157 984 3224; x_wconf 94' lang='lat' dir='ltr'><strong>nino</strong></span> <span class='ocrx_word' id='word_1_242' title='bbox 1007 3155 1228 3226; x_wconf 83' lang='lat' dir='ltr'><strong>cohaerentem</strong></span> <span class='ocrx_word' id='word_1_243' title='bbox 1260 3155 1416 3224; x_wconf 88' lang='lat' dir='ltr'><strong>catholica</strong></span> <span class='ocrx_word' id='word_1_244' title='bbox 1440 3154 1500 3222; x_wconf 79' lang='lat' dir='ltr'><strong>lic-</strong></span> 
     </span>
     <span class='ocr_line' id='line_1_29' title="bbox 270 3249 1503 3340; baseline 0 -24"><span class='ocrx_word' id='word_1_245' title='bbox 270 3258 320 3316; x_wconf 88' lang='lat' dir='ltr'><strong>est</strong></span> <span class='ocrx_word' id='word_1_246' title='bbox 342 3259 561 3340; x_wconf 87' lang='lat' dir='ltr'><strong>prosequutus</strong></span> <span class='ocrx_word' id='word_1_247' title='bbox 588 3271 718 3332; x_wconf 83' lang='lat' dir='ltr'><strong>amore,</strong></span> <span class='ocrx_word' id='word_1_248' title='bbox 757 3261 793 3318; x_wconf 89' lang='lat' dir='ltr'><strong>ut</strong></span> <span class='ocrx_word' id='word_1_249' title='bbox 827 3251 860 3317; x_wconf 90' lang='lat' dir='ltr'><strong>in</strong></span> <span class='ocrx_word' id='word_1_250' title='bbox 907 3250 1030 3332; x_wconf 89' lang='lat' dir='ltr'><strong>clesia,</strong></span> <span class='ocrx_word' id='word_1_251' title='bbox 1055 3271 1181 3340; x_wconf 83' lang='lat' dir='ltr'><strong>quaen</strong></span> <span class='ocrx_word' id='word_1_252' title='bbox 1219 3249 1337 3317; x_wconf 86' lang='lat' dir='ltr'><strong>Sancto</strong></span> <span class='ocrx_word' id='word_1_253' title='bbox 1376 3268 1503 3339; x_wconf 86' lang='lat' dir='ltr'><strong>semper</strong></span> 
     </span>
     <span class='ocr_line' id='line_1_30' title="bbox 262 3341 1498 3435; baseline 0 -27"><span class='ocrx_word' id='word_1_254' title='bbox 262 3341 326 3409; x_wconf 82' lang='lat' dir='ltr'><strong>illa</strong></span> <span class='ocrx_word' id='word_1_255' title='bbox 350 3363 414 3421; x_wconf 88' lang='lat' dir='ltr'><strong>una</strong></span> <span class='ocrx_word' id='word_1_256' title='bbox 437 3342 498 3410; x_wconf 90' lang='lat' dir='ltr'><strong>sibi</strong></span> <span class='ocrx_word' id='word_1_257' title='bbox 513 3386 517 3392; x_wconf 83' lang='lat'><strong>·</strong></span> <span class='ocrx_word' id='word_1_258' title='bbox 529 3344 778 3435; x_wconf 81' lang='lat' dir='ltr'><strong>propensissime</strong></span> <span class='ocrx_word' id='word_1_259' title='bbox 800 3354 857 3412; x_wconf 86' lang='lat' dir='ltr'><strong>vo·</strong></span> <span class='ocrx_word' id='word_1_260' title='bbox 904 3341 1018 3412; x_wconf 86' lang='lat' dir='ltr'><strong>edocta</strong></span> <span class='ocrx_word' id='word_1_261' title='bbox 1041 3344 1158 3434; x_wconf 88' lang='lat' dir='ltr'><strong>Spiritu</strong></span> <span class='ocrx_word' id='word_1_262' title='bbox 1198 3342 1349 3410; x_wconf 86' lang='lat' dir='ltr'><strong>columna</strong></span> <span class='ocrx_word' id='word_1_263' title='bbox 1388 3352 1445 3410; x_wconf 85' lang='lat' dir='ltr'><strong>eso</strong></span> <span class='ocrx_word' id='word_1_264' title='bbox 1459 3360 1498 3408; x_wconf 90' lang='lat' dir='ltr'><strong>ac</strong></span> 
     </span>
     <span class='ocr_line' id='line_1_31' title="bbox 271 3433 1504 3528; baseline -0.001 -26"><span class='ocrx_word' id='word_1_265' title='bbox 271 3433 393 3504; x_wconf 88' lang='lat' dir='ltr'><strong>luntate</strong></span> <span class='ocrx_word' id='word_1_266' title='bbox 414 3437 652 3528; x_wconf 84' lang='lat' dir='ltr'><strong>complacuerit.</strong></span> <span class='ocrx_word' id='word_1_267' title='bbox 908 3435 1144 3505; x_wconf 88' lang='lat' dir='ltr'><strong>firmamentum</strong></span> <span class='ocrx_word' id='word_1_268' title='bbox 1168 3437 1320 3518; x_wconf 85' lang='lat' dir='ltr'><strong>veritatis,</strong></span> <span class='ocrx_word' id='word_1_269' title='bbox 1339 3445 1504 3526; x_wconf 84' lang='lat' dir='ltr'><strong>tamquam</strong></span> 
     </span>
     <span class='ocr_line' id='line_1_32' title="bbox 317 3527 1506 3621; baseline -0.006 -16"><span class='ocrx_word' id='word_1_270' title='bbox 317 3530 351 3605; x_wconf 73' lang='lat' dir='ltr'><strong>tl·</strong></span> <span class='ocrx_word' id='word_1_271' title='bbox 374 3531 442 3618; x_wconf 80' lang='lat' dir='ltr'><strong>ligo</strong></span> <span class='ocrx_word' id='word_1_272' title='bbox 465 3551 506 3598; x_wconf 88' lang='lat' dir='ltr'><strong>ex</strong></span> <span class='ocrx_word' id='word_1_273' title='bbox 530 3551 587 3601; x_wconf 88' lang='lat' dir='ltr'><strong>ore</strong></span> <span class='ocrx_word' id='word_1_274' title='bbox 608 3531 769 3600; x_wconf 77' lang='lat' dir='ltr'><strong>Aldssimi.</strong></span> <span class='ocrx_word' id='word_1_275' title='bbox 911 3529 1088 3598; x_wconf 84' lang='lat' dir='ltr'><strong>doctrinam</strong></span> <span class='ocrx_word' id='word_1_276' title='bbox 1111 3527 1283 3621; x_wconf 85' lang='lat' dir='ltr'><strong>possidens</strong></span> <span class='ocrx_word' id='word_1_277' title='bbox 1291 3529 1441 3596; x_wconf 89' lang='lat' dir='ltr'><strong>divinitus</strong></span> <span class='ocrx_word' id='word_1_278' title='bbox 1452 3549 1506 3598; x_wconf 87' lang='lat' dir='ltr'><strong>ac-</strong></span> 
     </span>
     <span class='ocr_line' id='line_1_33' title="bbox 494 3622 1504 3714; baseline -0.006 -20"><span class='ocrx_word' id='word_1_279' title='bbox 494 3627 578 3695; x_wconf 89' lang='lat' dir='ltr'><strong>Lect.</strong></span> <span class='ocrx_word' id='word_1_280' title='bbox 599 3645 630 3694; x_wconf 86' lang='lat' dir='ltr'><strong>v.</strong></span> <span class='ocrx_word' id='word_1_281' title='bbox 908 3633 1043 3714; x_wconf 87' lang='lat' dir='ltr'><strong>ceptam,</strong></span> <span class='ocrx_word' id='word_1_282' title='bbox 1067 3632 1100 3693; x_wconf 92' lang='lat' dir='ltr'><strong>et</strong></span> <span class='ocrx_word' id='word_1_283' title='bbox 1122 3623 1268 3692; x_wconf 89' lang='lat' dir='ltr'><strong>coelestis</strong></span> <span class='ocrx_word' id='word_1_284' title='bbox 1302 3622 1504 3690; x_wconf 88' lang='lat' dir='ltr'><strong>revelationis</strong></span> 
     </span>
    </p>
   </div>
   <div class='ocr_carea' id='block_1_3' title="bbox 264 3665 1503 4372">
    <p class='ocr_par' dir='ltr' id='par_1_3' title="bbox 264 3665 1503 4372">
     <span class='ocr_line' id='line_1_34' title="bbox 271 3665 1503 3809; baseline -0.002 -28"><span class='ocrx_word' id='word_1_285' title='bbox 271 3665 864 3809; x_wconf 67' lang='lat' dir='ltr'><strong>Quapropterillamlongeanteom·</strong></span> <span class='ocrx_word' id='word_1_286' title='bbox 909 3715 1055 3808; x_wconf 89' lang='lat' dir='ltr'><strong>deposito</strong></span> <span class='ocrx_word' id='word_1_287' title='bbox 1078 3715 1339 3808; x_wconf 86' lang='lat' dir='ltr'><strong>comprehensam</strong></span> <span class='ocrx_word' id='word_1_288' title='bbox 1351 3712 1503 3803; x_wconf 89' lang='lat' dir='ltr'><strong>multipli-</strong></span> 
     </span>
     <span class='ocr_line' id='line_1_35' title="bbox 270 3806 1500 3904; baseline -0.002 -28"><span class='ocrx_word' id='word_1_289' title='bbox 270 3828 330 3876; x_wconf 89' lang='lat' dir='ltr'><strong>nes</strong></span> <span class='ocrx_word' id='word_1_290' title='bbox 353 3812 513 3898; x_wconf 86' lang='lat' dir='ltr'><strong>angelicos</strong></span> <span class='ocrx_word' id='word_1_291' title='bbox 536 3814 681 3904; x_wconf 87' lang='lat' dir='ltr'><strong>spiritus,</strong></span> <span class='ocrx_word' id='word_1_292' title='bbox 709 3822 858 3880; x_wconf 85' lang='lat' dir='ltr'><strong>cunctos·</strong></span> <span class='ocrx_word' id='word_1_293' title='bbox 906 3811 936 3879; x_wconf 89' lang='lat' dir='ltr'><strong>ni</strong></span> <span class='ocrx_word' id='word_1_294' title='bbox 959 3813 1157 3879; x_wconf 88' lang='lat' dir='ltr'><strong>continenter</strong></span> <span class='ocrx_word' id='word_1_295' title='bbox 1191 3811 1322 3887; x_wconf 92' lang='lat' dir='ltr'><strong>ratione,</strong></span> <span class='ocrx_word' id='word_1_296' title='bbox 1358 3806 1500 3897; x_wconf 81' lang='lat' dir='ltr'><strong>splendi-</strong></span> 
     </span>
     <span class='ocr_line' id='line_1_36' title="bbox 264 3897 1502 3994; baseline -0.002 -26"><span class='ocrx_word' id='word_1_297' title='bbox 264 3920 339 3992; x_wconf 87' lang='lat' dir='ltr'><strong>qne</strong></span> <span class='ocrx_word' id='word_1_298' title='bbox 368 3902 502 3972; x_wconf 88' lang='lat' dir='ltr'><strong>Sanctos</strong></span> <span class='ocrx_word' id='word_1_299' title='bbox 518 3906 703 3974; x_wconf 88' lang='lat' dir='ltr'><strong>coelestium</strong></span> <span class='ocrx_word' id='word_1_300' title='bbox 719 3905 864 3973; x_wconf 89' lang='lat' dir='ltr'><strong>omnium</strong></span> <span class='ocrx_word' id='word_1_301' title='bbox 910 3904 1026 3994; x_wconf 89' lang='lat' dir='ltr'><strong>disque</strong></span> <span class='ocrx_word' id='word_1_302' title='bbox 1050 3903 1140 3970; x_wconf 86' lang='lat' dir='ltr'><strong>lactis</strong></span> <span class='ocrx_word' id='word_1_303' title='bbox 1164 3902 1263 3989; x_wconf 89' lang='lat' dir='ltr'><strong>magis</strong></span> <span class='ocrx_word' id='word_1_304' title='bbox 1287 3897 1410 3967; x_wconf 89' lang='lat' dir='ltr'><strong>indies</strong></span> <span class='ocrx_word' id='word_1_305' title='bbox 1446 3919 1502 3967; x_wconf 77' lang='lat' dir='ltr'><strong>en·</strong></span> 
     </span>
     <span class='ocr_line' id='line_1_37' title="bbox 273 3992 1501 4090; baseline 0 -28"><span class='ocrx_word' id='word_1_306' title='bbox 273 3995 497 4064; x_wconf 85' lang='lat' dir='ltr'><strong>charismatum</strong></span> <span class='ocrx_word' id='word_1_307' title='bbox 520 4002 615 4090; x_wconf 88' lang='lat' dir='ltr'><strong>copia</strong></span> <span class='ocrx_word' id='word_1_308' title='bbox 637 3998 679 4067; x_wconf 91' lang='lat' dir='ltr'><strong>de</strong></span> <span class='ocrx_word' id='word_1_309' title='bbox 713 3999 863 4066; x_wconf 88' lang='lat' dir='ltr'><strong>thesauro</strong></span> <span class='ocrx_word' id='word_1_310' title='bbox 907 3998 1056 4088; x_wconf 89' lang='lat' dir='ltr'><strong>plicare,</strong></span> <span class='ocrx_word' id='word_1_311' title='bbox 1096 4015 1276 4087; x_wconf 87' lang='lat' dir='ltr'><strong>proponere</strong></span> <span class='ocrx_word' id='word_1_312' title='bbox 1315 4013 1353 4062; x_wconf 89' lang='lat' dir='ltr'><strong>ao</strong></span> <span class='ocrx_word' id='word_1_313' title='bbox 1390 3992 1501 4062; x_wconf 84' lang='lat' dir='ltr'><strong>fovere</strong></span> 
     </span>
     <span class='ocr_line' id='line_1_38' title="bbox 271 4087 1501 4182; baseline -0.002 -26"><span class='ocrx_word' id='word_1_314' title='bbox 271 4088 449 4163; x_wconf 81' lang='lat' dir='ltr'><strong>Divinitatis</strong></span> <span class='ocrx_word' id='word_1_315' title='bbox 473 4090 659 4182; x_wconf 90' lang='lat' dir='ltr'><strong>deprompta</strong></span> <span class='ocrx_word' id='word_1_316' title='bbox 682 4093 725 4158; x_wconf 90' lang='lat' dir='ltr'><strong>ita</strong></span> <span class='ocrx_word' id='word_1_317' title='bbox 749 4090 859 4158; x_wconf 87' lang='lat' dir='ltr'><strong>mirifi-</strong></span> <span class='ocrx_word' id='word_1_318' title='bbox 905 4107 1072 4179; x_wconf 90' lang='lat' dir='ltr'><strong>nunquam</strong></span> <span class='ocrx_word' id='word_1_319' title='bbox 1112 4087 1239 4157; x_wconf 83' lang='lat' dir='ltr'><strong>destitit.</strong></span> <span class='ocrx_word' id='word_1_320' title='bbox 1286 4087 1375 4154; x_wconf 87' lang='lat' dir='ltr'><strong>Hanc</strong></span> <span class='ocrx_word' id='word_1_321' title='bbox 1414 4089 1501 4154; x_wconf 84' lang='lat' dir='ltr'><strong>onim</strong></span> 
     </span>
     <span class='ocr_line' id='line_1_39' title="bbox 271 4179 1501 4276; baseline 0.001 -29"><span class='ocrx_word' id='word_1_322' title='bbox 271 4199 310 4249; x_wconf 90' lang='lat' dir='ltr'><strong>cc</strong></span> <span class='ocrx_word' id='word_1_323' title='bbox 332 4184 518 4266; x_wconf 85' lang='lat' dir='ltr'><strong>cumulavit,</strong></span> <span class='ocrx_word' id='word_1_324' title='bbox 547 4196 583 4253; x_wconf 93' lang='lat' dir='ltr'><strong>ut</strong></span> <span class='ocrx_word' id='word_1_325' title='bbox 605 4187 679 4276; x_wconf 87' lang='lat' dir='ltr'><strong>lpse</strong></span> <span class='ocrx_word' id='word_1_326' title='bbox 701 4185 742 4253; x_wconf 89' lang='lat' dir='ltr'><strong>ab</strong></span> <span class='ocrx_word' id='word_1_327' title='bbox 772 4185 858 4251; x_wconf 90' lang='lat' dir='ltr'><strong>omni</strong></span> <span class='ocrx_word' id='word_1_328' title='bbox 900 4183 1081 4251; x_wconf 85' lang='lat' dir='ltr'><strong>doctrinam</strong></span> <span class='ocrx_word' id='word_1_329' title='bbox 1106 4181 1148 4250; x_wconf 89' lang='lat' dir='ltr'><strong>ab</strong></span> <span class='ocrx_word' id='word_1_330' title='bbox 1172 4179 1397 4272; x_wconf 87' lang='lat' dir='ltr'><strong>antiquissimis</strong></span> <span class='ocrx_word' id='word_1_331' title='bbox 1422 4190 1501 4248; x_wconf 82' lang='lat' dir='ltr'><strong>tem&#39;·</strong></span> 
     </span>
     <span class='ocr_line' id='line_1_40' title="bbox 271 4272 1499 4372; baseline -0.002 -30"><span class='ocrx_word' id='word_1_332' title='bbox 271 4296 405 4367; x_wconf 87' lang='lat' dir='ltr'><strong>prorsus</strong></span> <span class='ocrx_word' id='word_1_333' title='bbox 426 4279 549 4371; x_wconf 89' lang='lat' dir='ltr'><strong>peccati</strong></span> <span class='ocrx_word' id='word_1_334' title='bbox 571 4279 645 4350; x_wconf 89' lang='lat' dir='ltr'><strong>labe</strong></span> <span class='ocrx_word' id='word_1_335' title='bbox 667 4299 794 4372; x_wconf 88' lang='lat' dir='ltr'><strong>semper</strong></span> <span class='ocrx_word' id='word_1_336' title='bbox 819 4277 858 4345; x_wconf 92' lang='lat' dir='ltr'><strong>li·</strong></span> <span class='ocrx_word' id='word_1_337' title='bbox 904 4275 1039 4370; x_wconf 90' lang='lat' dir='ltr'><strong>poribus</strong></span> <span class='ocrx_word' id='word_1_338' title='bbox 1077 4277 1261 4370; x_wconf 85' lang='lat' dir='ltr'><strong>vigentem,</strong></span> <span class='ocrx_word' id='word_1_339' title='bbox 1285 4293 1323 4344; x_wconf 88' lang='lat' dir='ltr'><strong>ao</strong></span> <span class='ocrx_word' id='word_1_340' title='bbox 1355 4272 1499 4345; x_wconf 83' lang='lat' dir='ltr'><strong>fidelium</strong></span> 
     </span>
    </p>
   </div>
   <div class='ocr_carea' id='block_1_4' title="bbox 0 0 1797 5034">
    <p class='ocr_par' dir='ltr' id='par_1_4' title="bbox 0 0 1797 5034">
     <span class='ocr_line' id='line_1_41' title="bbox 0 0 1797 5034; baseline 0 0"><span class='ocrx_word' id='word_1_341' title='bbox 0 0 1797 5034; x_wconf 95' lang='lat' dir='ltr'><strong> </strong></span> 
     </span>
    </p>
   </div>
  </div>
 </body>
</html>
