3584 5034
165 699 169 708 ·
247 669 267 736 o
417 706 420 713 -
699 655 1041 739 vu'srauuuanu

243 777 429 872 devotionis,
445 763 729 863 vehementissima,
745 781 844 868 etei-⁴
952 806 956 815 ·
1082 779 1233 848 Fecimus
1257 755 1509 864 &Mili-{Dm

241 869 439 956 ficaeissima‚
465 881 500 940 ut
524 871 653 964 quando
684 872 838 964 prolixius
909 869 1053 955 Domine,
1078 870 1158 962 quid
1180 869 1377 961 multiplicati
1400 877 1487 939 sunt,

241 964 378 1045 orabat,
402 976 435 1032 et
457 965 549 1032 otiam
574 984 649 1032 curn
672 965 837 1060 lacrymis3'
929 965 1054 1055 Aotv'piv.
1096 965 1239 1032 Sustinui
1285 964 1340 1053 qui
1388 963 1485 1031 simui

240 1056 372 1144 quiain
398 1057 449 1124 illa
466 1057 588 1148 prolixa
604 1058 745 1127 oratione
769 1079 837 1126 cre·
885 1059 1147 1139 contristaretur,
1174 1066 1205 1126 et
1229 1076 1293 1123 non
1325 1056 1410 1135 luit,
1449 1066 1482 1124 et

239 1147 367 1216 dendus
405 1160 453 1217 est
476 1151 633 1242 lacrymas
673 1149 833 1230 effudisse,
882 1151 939 1241 qui
964 1152 1192 1231 consolaretur,
1217 1159 1248 1216 et
1271 1168 1336 1216 non
1365 1148 1479 1216 inveni.

240 1259 323 1310 cum.
340 1249 371 1309 et
395 1251 501 1331 guttae
526 1243 687 1333 sanguinis
708 1262 767 1332 pro
782 1264 838 1310 su·
1072 1245 1219 1312 Psotmos
1247 1243 1298 1308 42.
1318 1264 1383 1306 ιω

240 1331 319 1401 dore
357 1332 562 1404 decurrerent
585 1335 625 1404 ab
657 1336 726 1422 ejvs
765 1355 836 1402 cor·
930 1336 1108 1427 Usquequo
1132 1335 1268 1405 Domine
1290 1331 1483 1403 oblivisceris

240 1445 330 1515 pore,
355 1435 387 1494 et
417 1429 584 1496 exaanlitus
622 1437 696 1507 est,
736 1429 838 1517 quia,
884 1450 937 1496 me
961 1429 992 1496 iu
1017 1425 1147 1500 finem?

241 1516 331 1606 quod
373 1522 567 1609 quaesierat·
584 1521 706 1608 accepit
732 1521 764 1586 in
787 1541 838 1587 re·
933 1521 1058 1611 Aratrioi.
1097 1519 1248 1588 Adhaesit
1300 1518 1483 1607 pavimento

242 1612 448 1694 surrectione.
487 1610 661 1678 Exauditus
702 1621 767 1694 est,
807 1612 840 1678 id
887 1613 993 1681 anima
1017 1635 1102 1694 mea,
1127 1609 1253 1679 vivifica
1282 1630 1335 1676 mo
1369 1628 1485 1676 secun·

241 1710 308 1786 cst.
326 1713 414 1771 extra
429 1725 599 1772 numerum
615 1704 750 1772 aliorum
768 1725 838 1772 om·
888 1706 967 1774 dum
991 1705 1125 1773 verbum
1150 1711 1250 1768 tuum.

239 1794 330 1860 nium
353 1793 482 1882 auditus
505 1807 579 1877 est,
604 1798 755 1887 quoniam
781 1820 837 1866 su·
1069 1792 1217 1864 Psoimus
1241 1782 1504 1859 {andnamt

239 1907 299 2044 Kar
328 1907 454 1956 omnem
479 1898 656 1957 creaturam
681 1901 754 1983 post
793 1891 839 1958 la·
934 1888 1069 1956 Domine
1092 1890 1179 1957 Deus
1202 1886 1314 1953 salutis
1334 1904 1433 1956 meae:

264 1978 329 2046 oris
352 1982 404 2048 sui
426 1982 567 2070 militiam
591 1984 718 2050 aPatre
735 1982 836 2050 subii·
931 1981 961 2054 tl.
987 1980 1124 2070 Vigila&
1140 1988 1172 2045 et
1194 1988 1291 2047 orate.

162 2085 172 2104 ·
241 2081 346 2138 matos
369 2083 428 2160 est,
452 2073 569 2142 ethos
593 2092 651 2164 pro
675 2074 725 2140 sui
747 2095 838 2142 reve·
932 2075 965 2151 d.
989 2075 1031 2144 Ut
1054 2092 1119 2140 uon
1143 2071 1263 2156 intretis
1286 2070 1318 2139 in
1335 2071 1480 2140 tentatio-

240 2164 350 2252 rentia,
367 2161 727 2248 idestsocundumhoc,
746 2165 836 2256 quod
883 2187 967 2236 nem.

243 2255 322 2346 ipse,
345 2255 429 2324 sicut
450 2257 508 2324 Dei
531 2254 640 2336 Filius,
657 2257 773 2348 dignus
790 2268 839 2327 est
933 2257 1041 2328 Lectio
1065 2257 1166 2328 sancti
1188 2257 1352 2348 Evangelii
1366 2277 1482 2326 secun

240 2349 416 2424 reverentia
436 2399 444 2431 ,
466 2360 498 2417 et
534 2350 764 2432 veneratione,
787 2352 839 2420 vel
885 2349 965 2420 dum
987 2352 1116 2418 Lucam.
1471 2363 1474 2370 '

241 2460 301 2530 pro
340 2462 399 2508 sua
438 2443 613 2511 reverentia
651 2443 682 2511 in
722 2444 834 2512 Deum:
1010 2444 1090 2512 Lect.
1113 2461 1169 2510 vu.
1264 2443 1341 2530 Gap.
1365 2441 1420 2507 22.

241 2531 349 2615 idest,
372 2544 503 2626 propter
526 2534 615 2626 quod
641 2537 707 2628 ipse
738 2558 835 2628 super
883 2488 940 2604 ln
963 2536 1017 2604 illo
1042 2545 1194 2627 tempore:
1217 2554 1366 2622 egressus
1391 2535 1483 2601 lesus

195 2685 200 2698 .
241 2627 349 2695 omnia
389 2630 512 2696 Patrem
536 2630 691 2700 reveritus
715 2640 783 2712 est,
807 2639 839 2700 et
885 2627 951 2698 ibat
974 2625 1433 2696 secundumconsuetudinem
1451 2626 1484 2692 in

239 2715 416 2791 honoravit.
452 2721 526 2790 Sive
563 2743 623 2814 pro
666 2744 725 2791 sua
749 2745 839 2792 rave-
886 2731 1027 2791 montem
1050 2722 1226 2790 Olivarum.
1262 2718 1368 2787 Secuti
1407 2728 1482 2786 sunt

184 2825 190 2836 ·
241 2813 352 2893 nentia,
388 2813 479 2894 idest,
511 2816 593 2881 sicut
632 2836 692 2882 sua
730 2816 839 2904 religio
887 2824 994 2883 autem
1018 2814 1108 2882 illum
1132 2822 1165 2882 et
1187 2811 1343 2904 discipuli.
1366 2811 1406 2880 Et
1434 2833 1484 2881 re-

238 2896 364 2970 mor'uit.
405 2905 573 2993 Sanguinis
597 2926 730 2996 quoque
772 2909 841 2996 ejus
887 2907 986 2997 liqua.
1026 2911 1030 2919 ’

241 2993 355 3063 effusio
395 3006 500 3088 potest
545 2997 673 3086 intelligi
719 2991 841 3068 clamor
934 2998 1072 3068 llomrlia
1095 2998 1200 3067 Sancti
1226 2996 1384 3065 Ambrosii
1399 2997 1484 3088 Epis.

160 3158 162 3164 ,
241 3086 395 3176 validus,
422 3089 452 3155 in
485 3109 551 3180 quo
586 3087 754 3157 exauditus
780 3102 842 3159 'est
958 3088 1028 3158 Lib.
1056 3093 1097 3157 ιθ
1187 3088 1355 3158 Commeat.
1379 3087 1415 3154 in

241 3199 302 3270 pro
326 3202 385 3249 sua
407 3181 582 3250 reverentia
606 3179 748 3272 ejusdem
764 3204 839 3275 pas-
1084 3183 1160 3251 Luc.
1258 3183 1334 3269 Cup.
1359 3181 1413 3247 22.

242 3271 348 3341 sionis.
375 3275 560 3344 Reverentia
584 3285 642 3357 est,
659 3274 838 3365 quod'sine
886 3227 1067 3344 Transfer
1089 3295 1109 3344 a
1132 3296 1184 3343 me
1207 3272 1340 3342 calicem
1378 3271 1485 3338 istum:

241 3376 377 3456 peccato
401 3389 516 3456 passus
541 3378 589 3436 est
611 3369 680 3437 sola
704 3368 842 3461 caritate.
890 3369 982 3457 quasi
1016 3367 1113 3436 homo
1152 3377 1286 3435 mortem
1322 3383 1485 3446 recusans,

288 3462 321 3538 rt.
345 3460 436 3532 Fiant
458 3480 552 3528 aures
569 3470 643 3528 tuae
658 3460 843 3530 auscultari·
891 3460 983 3551 quasi
1028 3461 1115 3529 Deus
1161 3458 1347 3528 sententiam
1392 3477 1486 3523 suam

241 3560 300 3629 tes,
324 3560 356 3618 et
379 3551 464 3620 oculi
482 3552 527 3620 tui
550 3554 660 3644 aperti,
676 3550 699 3596 '¹‘
724 3555 766 3624 Ut
782 3575 840 3622 au·
887 3575 1027 3621 servans.
1052 3555 1185 3643 Oportet
1207 3553 1292 3620 enim
1316 3550 1396 3617 mori
1426 3568 1486 3616 nos

242 3641 312 3712 dias
338 3645 511 3714 orationem
535 3645 618 3713 servi
642 3644 699 3712 tui.
840 3671 854 3696 ·
886 3645 1027 3726 saeculo,
1051 3656 1088 3711 ut
1111 3637 1315 3735 resurgamus
1338 3645 1425 3724 Deo,
1449 3651 1486 3709 ut

290 3734 319 3800 l.
344 3739 448 3820 Quam
473 3758 533 3830 ogo
564 3757 622 3809 oro
661 3757 770 3808 coram
811 3748 842 3810 ta
883 3738 977 3828 juxta
1018 3736 1157 3805 divinam
1203 3736 1390 3807 senteutiam
1435 3735 1488 3804 lex

241 3827 338 3922 hodo
362 3841 465 3914 nocta,
489 3853 527 3901 ac
551 3830 611 3900 die.
628 3831 679 3903 llt.
891 3829 1120 3898 maledictionis
1144 3830 1284 3900 resoluta
1315 3829 1347 3895 in
1386 3838 1489 3897 torrae

292 3922 408 3991 Gloria.
433 3926 484 3995 Ut.
889 3923 1001 3990 limum
1048 3935 1180 3992 naturae
1226 3921 1291 3992 fine
1337 3923 1487 3989 solvatur.

410 4018 453 4082 IN
479 4019 535 4084 lll.
566 4017 716 4086 ttocv:
892 4015 987 4098 Quod
1012 4025 1117 4083 autern
1141 4015 1184 4082 ait
1208 4035 1273 4082 non
1290 4036 1359 4084 mea
1375 4013 1489 4100 volun-

293 4107 418 4198 Antr'plr.
445 4110 626 4193 Tribulatio,
651 4108 844 4202 stangustia
891 4120 966 4191 tas,
992 4106 1048 4177 sed
1075 4119 1128 4176 tua
1151 4107 1216 4175 fiat:
1251 4103 1408 4192 suamad
1430 4102 1489 4170 ho

245 4203 434 4270 invenerunt
458 4225 518 4284 mo,
537 4205 683 4274 mandata
699 4213 754 4278 tua
775 4225 842 4276 me·
891 4203 1007 4272 minem
1035 4201 1150 4285 retulit,
1176 4203 1276 4271 Patris
1299 4199 1339 4268 ad
1374 4195 1489 4262 divini·
1579 4199 1584 4212 '

245 4296 356 4364 ditatio
381 4317 450 4362 mea
475 4304 532 4364 est.
892 4306 997 4367 tatem.
1037 4295 1192 4372 voluntas
1229 4295 1312 4368 euim
1351 4287 1490 4360 hominis
