<?xml version="1.0" encoding="UTF-8"?>
<!DOCTYPE html PUBLIC "-//W3C//DTD XHTML 1.0 Transitional//EN"
    "http://www.w3.org/TR/xhtml1/DTD/xhtml1-transitional.dtd">
<html xmlns="http://www.w3.org/1999/xhtml" xml:lang="en" lang="en">
 <head>
  <title>
</title>
<meta http-equiv="Content-Type" content="text/html;charset=utf-8" />
  <meta name='ocr-system' content='tesseract 3.04.00' />
  <meta name='ocr-capabilities' content='ocr_page ocr_carea ocr_par ocr_line ocrx_word'/>
</head>
<body>
  <div class='ocr_page' id='page_1' title='image "./officiasanctoru00churgoog/officiasanctoru00churgoog_0072.png"; bbox 0 0 3584 5034; ppageno 0'>
   <div class='ocr_carea' id='block_1_1' title="bbox 330 623 1082 781">
    <p class='ocr_par' dir='ltr' id='par_1_1' title="bbox 330 623 1082 781">
     <span class='ocr_line' id='line_1_1' title="bbox 330 623 1082 781; baseline -0.003 -45"><span class='ocrx_word' id='word_1_1' title='bbox 330 637 373 763; x_wconf 72' lang='lat' dir='ltr'>[aa</span> <span class='ocrx_word' id='word_1_2' title='bbox 789 623 917 737; x_wconf 65' lang='lat' dir='ltr'>‘susm</span> <span class='ocrx_word' id='word_1_3' title='bbox 938 631 1082 781; x_wconf 73' lang='lat' dir='ltr'>urunt</span> 
     </span>
    </p>
   </div>
   <div class='ocr_carea' id='block_1_2' title="bbox 275 751 1644 1895">
    <p class='ocr_par' dir='ltr' id='par_1_2' title="bbox 275 751 1644 1895">
     <span class='ocr_line' id='line_1_2' title="bbox 325 751 1323 872; baseline 0.005 -26.39"><span class='ocrx_word' id='word_1_4' title='bbox 325 779 472 872; x_wconf 80' lang='lat' dir='ltr'>Ipse</span> <span class='ocrx_word' id='word_1_5' title='bbox 494 751 617 872; x_wconf 80' lang='lat' dir='ltr'>lignum</span> <span class='ocrx_word' id='word_1_6' title='bbox 639 790 718 850; x_wconf 87' lang='lat' dir='ltr'>tuno</span> <span class='ocrx_word' id='word_1_7' title='bbox 741 782 873 864; x_wconf 87' lang='lat' dir='ltr'>notavit,</span> <span class='ocrx_word' id='word_1_8' title='bbox 1209 773 1323 859; x_wconf 84' lang='lat' dir='ltr'>Oratio</span> 
     </span>
     <span class='ocr_line' id='line_1_3' title="bbox 395 827 1644 989; baseline 0.002 -49"><span class='ocrx_word' id='word_1_9' title='bbox 395 874 518 942; x_wconf 86' lang='lat' dir='ltr'>Damna</span> <span class='ocrx_word' id='word_1_10' title='bbox 541 873 617 964; x_wconf 75' lang='lat' dir='ltr'>ligni</span> <span class='ocrx_word' id='word_1_11' title='bbox 642 885 679 941; x_wconf 90' lang='lat' dir='ltr'>ut</span> <span class='ocrx_word' id='word_1_12' title='bbox 701 873 902 943; x_wconf 90' lang='lat' dir='ltr'>solveret.</span> <span class='ocrx_word' id='word_1_13' title='bbox 898 827 1090 955; x_wconf 77' lang='lat' dir='ltr'>Deus,</span> <span class='ocrx_word' id='word_1_14' title='bbox 1114 873 1177 972; x_wconf 92' lang='lat' dir='ltr'>qui</span> <span class='ocrx_word' id='word_1_15' title='bbox 1211 876 1366 989; x_wconf 82' lang='lat' dir='ltr'>unigeniti</span> <span class='ocrx_word' id='word_1_16' title='bbox 1398 867 1464 942; x_wconf 87' lang='lat' dir='ltr'>lilii</span> <span class='ocrx_word' id='word_1_17' title='bbox 1502 875 1549 942; x_wconf 91' lang='lat' dir='ltr'>tui</span> <span class='ocrx_word' id='word_1_18' title='bbox 1638 887 1644 903; x_wconf 85' lang='lat'><strong>·</strong></span> 
     </span>
     <span class='ocr_line' id='line_1_4' title="bbox 313 967 1558 1060; baseline 0.002 -22"><span class='ocrx_word' id='word_1_19' title='bbox 313 967 398 1038; x_wconf 85' lang='lat' dir='ltr'>&#39;Hoc</span> <span class='ocrx_word' id='word_1_20' title='bbox 420 987 504 1058; x_wconf 92' lang='lat' dir='ltr'>opus</span> <span class='ocrx_word' id='word_1_21' title='bbox 528 977 655 1036; x_wconf 79' lang='lat' dir='ltr'>nostrae</span> <span class='ocrx_word' id='word_1_22' title='bbox 677 968 789 1036; x_wconf 89' lang='lat' dir='ltr'>salutis</span> <span class='ocrx_word' id='word_1_23' title='bbox 886 1023 890 1030; x_wconf 77' lang='grc'>.</span> <span class='ocrx_word' id='word_1_24' title='bbox 962 968 1119 1059; x_wconf 80' lang='lat' dir='ltr'><strong>passione,</strong></span> <span class='ocrx_word' id='word_1_25' title='bbox 1137 977 1170 1036; x_wconf 85' lang='lat' dir='ltr'>et</span> <span class='ocrx_word' id='word_1_26' title='bbox 1183 986 1242 1060; x_wconf 85' lang='lat' dir='ltr'>per</span> <span class='ocrx_word' id='word_1_27' title='bbox 1253 991 1396 1060; x_wconf 86' lang='lat' dir='ltr'>qumque</span> <span class='ocrx_word' id='word_1_28' title='bbox 1411 968 1558 1042; x_wconf 84' lang='lat' dir='ltr'>llulnera.</span> 
     </span>
     <span class='ocr_line' id='line_1_5' title="bbox 399 1061 1550 1154; baseline 0.001 -26"><span class='ocrx_word' id='word_1_29' title='bbox 399 1061 488 1130; x_wconf 91' lang='lat' dir='ltr'>Ordo</span> <span class='ocrx_word' id='word_1_30' title='bbox 512 1061 786 1154; x_wconf 75' lang='lat' dir='ltr'>depoposcerat:</span> <span class='ocrx_word' id='word_1_31' title='bbox 960 1062 1029 1150; x_wconf 85' lang='lat' dir='ltr'>ejus</span> <span class='ocrx_word' id='word_1_32' title='bbox 1052 1063 1217 1150; x_wconf 83' lang='lat' dir='ltr'>sanguinis</span> <span class='ocrx_word' id='word_1_33' title='bbox 1240 1063 1404 1144; x_wconf 85' lang='lat' dir='ltr'>allusione,</span> <span class='ocrx_word' id='word_1_34' title='bbox 1436 1061 1550 1129; x_wconf 83' lang='lat' dir='ltr'>burna-</span> 
     </span>
     <span class='ocr_line' id='line_1_6' title="bbox 396 1144 1549 1267; baseline 0.003 -45"><span class='ocrx_word' id='word_1_35' title='bbox 396 1155 595 1222; x_wconf 81' lang='lat' dir='ltr'>blultilormis</span> <span class='ocrx_word' id='word_1_36' title='bbox 619 1144 788 1248; x_wconf 87' lang='lat' dir='ltr'>proditoris</span> <span class='ocrx_word' id='word_1_37' title='bbox 961 1164 1034 1220; x_wconf 80' lang='lat' dir='ltr'>narn</span> <span class='ocrx_word' id='word_1_38' title='bbox 1059 1166 1202 1224; x_wconf 88' lang='lat' dir='ltr'>naturam</span> <span class='ocrx_word' id='word_1_39' title='bbox 1228 1167 1359 1246; x_wconf 89' lang='lat' dir='ltr'>peccato</span> <span class='ocrx_word' id='word_1_40' title='bbox 1393 1154 1549 1267; x_wconf 77' lang='lat' dir='ltr'>perditam</span> 
     </span>
     <span class='ocr_line' id='line_1_7' title="bbox 321 1240 1551 1348; baseline 0.002 -34"><span class='ocrx_word' id='word_1_41' title='bbox 321 1284 325 1291; x_wconf 88' lang='lat'>·</span> <span class='ocrx_word' id='word_1_42' title='bbox 397 1253 458 1316; x_wconf 77' lang='lat' dir='ltr'>Ars</span> <span class='ocrx_word' id='word_1_43' title='bbox 481 1258 517 1315; x_wconf 87' lang='lat' dir='ltr'>ut</span> <span class='ocrx_word' id='word_1_44' title='bbox 539 1260 639 1316; x_wconf 86' lang='lat' dir='ltr'>artem</span> <span class='ocrx_word' id='word_1_45' title='bbox 661 1248 794 1329; x_wconf 79' lang='lat' dir='ltr'>falleret,</span> <span class='ocrx_word' id='word_1_46' title='bbox 962 1240 1122 1348; x_wconf 80' lang='lat' dir='ltr'>reparasti.</span> <span class='ocrx_word' id='word_1_47' title='bbox 1147 1249 1252 1316; x_wconf 87' lang='lat' dir='ltr'>tribua</span> <span class='ocrx_word' id='word_1_48' title='bbox 1276 1249 1379 1331; x_wconf 89' lang='lat' dir='ltr'>nobis,</span> <span class='ocrx_word' id='word_1_49' title='bbox 1410 1271 1551 1344; x_wconf 88' lang='lat' dir='ltr'>quaesu-</span> 
     </span>
     <span class='ocr_line' id='line_1_8' title="bbox 320 1300 1549 1451; baseline 0.001 -43"><span class='ocrx_word' id='word_1_50' title='bbox 320 1377 324 1384; x_wconf 89' lang='lat'><em>-</em></span> <span class='ocrx_word' id='word_1_51' title='bbox 395 1342 441 1424; x_wconf 44' lang='lat' dir='ltr'>Et,</span> <span class='ocrx_word' id='word_1_52' title='bbox 460 1340 616 1410; x_wconf 87' lang='lat' dir='ltr'>medelam</span> <span class='ocrx_word' id='word_1_53' title='bbox 640 1339 736 1410; x_wconf 87' lang='lat' dir='ltr'>lerret</span> <span class='ocrx_word' id='word_1_54' title='bbox 757 1300 843 1422; x_wconf 83' lang='lat' dir='ltr'>iride,</span> <span class='ocrx_word' id='word_1_55' title='bbox 959 1362 1055 1421; x_wconf 85' lang='lat' dir='ltr'>mus,</span> <span class='ocrx_word' id='word_1_56' title='bbox 1091 1351 1137 1408; x_wconf 89' lang='lat' dir='ltr'>ut</span> <span class='ocrx_word' id='word_1_57' title='bbox 1150 1346 1210 1432; x_wconf 95' lang='lat' dir='ltr'>qui</span> <span class='ocrx_word' id='word_1_58' title='bbox 1239 1342 1281 1410; x_wconf 90' lang='lat' dir='ltr'>ab</span> <span class='ocrx_word' id='word_1_59' title='bbox 1320 1365 1359 1413; x_wconf 85' lang='lat' dir='ltr'>eo</span> <span class='ocrx_word' id='word_1_60' title='bbox 1372 1354 1549 1451; x_wconf 83' lang='lat' dir='ltr'>suscepta</span> 
     </span>
     <span class='ocr_line' id='line_1_9' title="bbox 275 1434 1546 1519; baseline 0.002 -19"><span class='ocrx_word' id='word_1_61' title='bbox 275 1501 278 1510; x_wconf 71' lang='grc'>,</span> <span class='ocrx_word' id='word_1_62' title='bbox 396 1435 505 1503; x_wconf 88' lang='lat' dir='ltr'>Hostis</span> <span class='ocrx_word' id='word_1_63' title='bbox 528 1434 615 1504; x_wconf 92' lang='lat' dir='ltr'>unde</span> <span class='ocrx_word' id='word_1_64' title='bbox 638 1435 781 1504; x_wconf 78' lang='lat' dir='ltr'>laeserat.</span> <span class='ocrx_word' id='word_1_65' title='bbox 898 1475 903 1484; x_wconf 88' lang='lat'><strong>·</strong></span> <span class='ocrx_word' id='word_1_66' title='bbox 962 1434 1101 1502; x_wconf 84' lang='lat' dir='ltr'>Vulnera</span> <span class='ocrx_word' id='word_1_67' title='bbox 1141 1459 1333 1519; x_wconf 86' lang='lat' dir='ltr'>veneramur</span> <span class='ocrx_word' id='word_1_68' title='bbox 1370 1436 1422 1503; x_wconf 91' lang='lat' dir='ltr'>in</span> <span class='ocrx_word' id='word_1_69' title='bbox 1446 1437 1546 1516; x_wconf 86' lang='lat' dir='ltr'>terris,</span> 
     </span>
     <span class='ocr_line' id='line_1_10' title="bbox 325 1527 1550 1620; baseline 0.001 -24"><span class='ocrx_word' id='word_1_70' title='bbox 325 1527 462 1610; x_wconf 86' lang='lat' dir='ltr'>Quando</span> <span class='ocrx_word' id='word_1_71' title='bbox 485 1530 573 1596; x_wconf 81' lang='lat' dir='ltr'>vonit</span> <span class='ocrx_word' id='word_1_72' title='bbox 596 1543 672 1616; x_wconf 80' lang='lat' dir='ltr'>ergo</span> <span class='ocrx_word' id='word_1_73' title='bbox 697 1531 780 1596; x_wconf 87' lang='lat' dir='ltr'>sacri</span> <span class='ocrx_word' id='word_1_74' title='bbox 849 1609 852 1614; x_wconf 22' lang='lat'>¹</span> <span class='ocrx_word' id='word_1_75' title='bbox 958 1527 1104 1616; x_wconf 86' lang='lat' dir='ltr'>ejusdem</span> <span class='ocrx_word' id='word_1_76' title='bbox 1128 1531 1346 1620; x_wconf 80' lang='lat' dir='ltr'>pretiosissimi</span> <span class='ocrx_word' id='word_1_77' title='bbox 1381 1531 1550 1618; x_wconf 82' lang='lat' dir='ltr'>Sanguinis</span> 
     </span>
     <span class='ocr_line' id='line_1_11' title="bbox 397 1551 1551 1714; baseline 0.003 -26"><span class='ocrx_word' id='word_1_78' title='bbox 397 1621 564 1689; x_wconf 80' lang='lat' dir='ltr'>Plenitudo</span> <span class='ocrx_word' id='word_1_79' title='bbox 590 1623 750 1713; x_wconf 85' lang='lat' dir='ltr'>temporis,</span> <span class='ocrx_word' id='word_1_80' title='bbox 871 1679 894 1704; x_wconf 67' lang='lat'><strong><em>„</em></strong></span> <span class='ocrx_word' id='word_1_81' title='bbox 961 1551 1102 1687; x_wconf 77' lang='lat' dir='ltr'>linctum</span> <span class='ocrx_word' id='word_1_82' title='bbox 1125 1626 1283 1714; x_wconf 81' lang='lat' dir='ltr'>consequi</span> <span class='ocrx_word' id='word_1_83' title='bbox 1307 1643 1487 1690; x_wconf 82' lang='lat' dir='ltr'>mereamur</span> <span class='ocrx_word' id='word_1_84' title='bbox 1516 1625 1551 1691; x_wconf 89' lang='lat' dir='ltr'>iu</span> 
     </span>
     <span class='ocr_line' id='line_1_12' title="bbox 318 1711 1436 1784; baseline -0.001 -3"><span class='ocrx_word' id='word_1_85' title='bbox 318 1735 322 1740; x_wconf 85' lang='lat'><em>·</em></span> <span class='ocrx_word' id='word_1_86' title='bbox 397 1715 513 1782; x_wconf 82' lang='lat' dir='ltr'>llissus</span> <span class='ocrx_word' id='word_1_87' title='bbox 536 1726 585 1784; x_wconf 87' lang='lat' dir='ltr'>est</span> <span class='ocrx_word' id='word_1_88' title='bbox 607 1713 649 1782; x_wconf 90' lang='lat' dir='ltr'>ab</span> <span class='ocrx_word' id='word_1_89' title='bbox 672 1736 752 1784; x_wconf 82' lang='lat' dir='ltr'>aroe-</span> <span class='ocrx_word' id='word_1_90' title='bbox 769 1716 879 1784; x_wconf 86' lang='lat' dir='ltr'>Patris</span> <span class='ocrx_word' id='word_1_91' title='bbox 951 1711 1068 1781; x_wconf 80' lang='lat' dir='ltr'>coelis.</span> <span class='ocrx_word' id='word_1_92' title='bbox 1093 1715 1153 1781; x_wconf 88' lang='lat' dir='ltr'>Per</span> <span class='ocrx_word' id='word_1_93' title='bbox 1174 1714 1333 1783; x_wconf 86' lang='lat' dir='ltr'>eumdem.</span> <span class='ocrx_word' id='word_1_94' title='bbox 1434 1750 1436 1754; x_wconf 34' lang='lat' dir='ltr'>v</span> 
     </span>
     <span class='ocr_line' id='line_1_13' title="bbox 395 1805 1435 1895; baseline 0 -20"><span class='ocrx_word' id='word_1_95' title='bbox 395 1809 506 1890; x_wconf 78' lang='lat' dir='ltr'>NaluS,</span> <span class='ocrx_word' id='word_1_96' title='bbox 530 1809 627 1877; x_wconf 83' lang='lat' dir='ltr'>Orbis</span> <span class='ocrx_word' id='word_1_97' title='bbox 650 1809 814 1892; x_wconf 81' lang='lat' dir='ltr'>Conditor3</span> <span class='ocrx_word' id='word_1_98' title='bbox 895 1889 897 1895; x_wconf 15' lang='lat' dir='ltr'>y</span> <span class='ocrx_word' id='word_1_99' title='bbox 991 1876 995 1883; x_wconf 78' lang='grc'><em>,</em></span> <span class='ocrx_word' id='word_1_100' title='bbox 1069 1807 1119 1875; x_wconf 78' lang='lat' dir='ltr'>Ad</span> <span class='ocrx_word' id='word_1_101' title='bbox 1141 1806 1287 1875; x_wconf 72' lang='lat' dir='ltr'>Motaleia.</span> <span class='ocrx_word' id='word_1_102' title='bbox 1310 1805 1435 1875; x_wconf 75' lang='lat' dir='ltr'>Invitat.</span> 
     </span>
    </p>
   </div>
   <div class='ocr_carea' id='block_1_3' title="bbox 190 1871 1549 1994">
    <p class='ocr_par' dir='ltr' id='par_1_3' title="bbox 190 1871 1549 1994">
     <span class='ocr_line' id='line_1_14' title="bbox 190 1871 1549 1994; baseline 0.001 -27"><span class='ocrx_word' id='word_1_103' title='bbox 190 1871 193 1878; x_wconf 35' lang='lat'><strong><em>¹</em></strong></span> <span class='ocrx_word' id='word_1_104' title='bbox 255 1897 257 1906; x_wconf 79' lang='grc'>’</span> <span class='ocrx_word' id='word_1_105' title='bbox 318 1947 320 1956; x_wconf 70' lang='lat'><em>,</em></span> <span class='ocrx_word' id='word_1_106' title='bbox 396 1906 503 1992; x_wconf 78' lang='lat' dir='ltr'>Atque</span> <span class='ocrx_word' id='word_1_107' title='bbox 528 1913 636 1972; x_wconf 85' lang='lat' dir='ltr'>ventre</span> <span class='ocrx_word' id='word_1_108' title='bbox 652 1899 796 1994; x_wconf 83' lang='lat' dir='ltr'>virginali</span> <span class='ocrx_word' id='word_1_109' title='bbox 982 1895 1222 1967; x_wconf 85' lang='lat' dir='ltr'>.Cbristum1n</span> <span class='ocrx_word' id='word_1_110' title='bbox 1248 1899 1351 1967; x_wconf 87' lang='lat' dir='ltr'>Cruce</span> <span class='ocrx_word' id='word_1_111' title='bbox 1373 1899 1549 1980; x_wconf 85' lang='lat' dir='ltr'>confixum,</span> 
     </span>
    </p>
   </div>
   <div class='ocr_carea' id='block_1_4' title="bbox 323 1991 1658 3018">
    <p class='ocr_par' dir='ltr' id='par_1_4' title="bbox 325 1991 1548 2178">
     <span class='ocr_line' id='line_1_15' title="bbox 380 1991 1548 2087; baseline -0.002 -24.972"><span class='ocrx_word' id='word_1_112' title='bbox 380 1993 498 2064; x_wconf 84' lang='lat' dir='ltr'>Carne</span> <span class='ocrx_word' id='word_1_113' title='bbox 522 1997 656 2064; x_wconf 87' lang='lat' dir='ltr'>amictus</span> <span class='ocrx_word' id='word_1_114' title='bbox 684 1997 808 2087; x_wconf 91' lang='lat' dir='ltr'>prodiit.</span> <span class='ocrx_word' id='word_1_115' title='bbox 959 1991 1121 2084; x_wconf 90' lang='lat' dir='ltr'>quinque·</span> <span class='ocrx_word' id='word_1_116' title='bbox 1144 1993 1244 2084; x_wconf 81' lang='lat' dir='ltr'>plagis</span> <span class='ocrx_word' id='word_1_117' title='bbox 1289 1992 1502 2076; x_wconf 84' lang='lat' dir='ltr'>vulneratum,</span> <span class='ocrx_word' id='word_1_118' title='bbox 1524 1993 1548 2036; x_wconf 70' lang='lat'>¹⁶</span> 
     </span>
     <span class='ocr_line' id='line_1_16' title="bbox 325 2084 1546 2178; baseline 0.001 -25"><span class='ocrx_word' id='word_1_119' title='bbox 325 2085 416 2176; x_wconf 83' lang='lat' dir='ltr'>Vagit</span> <span class='ocrx_word' id='word_1_120' title='bbox 438 2089 546 2156; x_wconf 83' lang='lat' dir='ltr'>iulans</span> <span class='ocrx_word' id='word_1_121' title='bbox 569 2091 650 2156; x_wconf 88' lang='lat' dir='ltr'>inter</span> <span class='ocrx_word' id='word_1_122' title='bbox 664 2099 771 2156; x_wconf 85' lang='lat' dir='ltr'>arcta</span> <span class='ocrx_word' id='word_1_123' title='bbox 960 2084 1071 2156; x_wconf 82' lang='lat' dir='ltr'>Venite</span> <span class='ocrx_word' id='word_1_124' title='bbox 1089 2085 1270 2155; x_wconf 82' lang='lat' dir='ltr'>adolemus.</span> <span class='ocrx_word' id='word_1_125' title='bbox 1403 2167 1407 2174; x_wconf 26' lang='grc' dir='ltr'>Ι</span> <span class='ocrx_word' id='word_1_126' title='bbox 1541 2169 1546 2178; x_wconf 87' lang='lat'><strong>.</strong></span> 
     </span>
    </p>

    <p class='ocr_par' dir='ltr' id='par_1_5' title="bbox 395 2178 1551 2290">
     <span class='ocr_line' id='line_1_17' title="bbox 395 2178 1551 2290; baseline 0.004 -44"><span class='ocrx_word' id='word_1_127' title='bbox 395 2179 597 2272; x_wconf 85' lang='lat' dir='ltr'>Conditusp</span> <span class='ocrx_word' id='word_1_128' title='bbox 575 2183 749 2290; x_wconf 86' lang='lat' dir='ltr'>praesepia:</span> <span class='ocrx_word' id='word_1_129' title='bbox 1004 2181 1159 2272; x_wconf 74' lang='lat' dir='ltr'>Hymnua</span> <span class='ocrx_word' id='word_1_130' title='bbox 1198 2181 1305 2270; x_wconf 82' lang='lat' dir='ltr'>Pange</span> <span class='ocrx_word' id='word_1_131' title='bbox 1342 2178 1465 2272; x_wconf 80' lang='lat' dir='ltr'>lingua,</span> <span class='ocrx_word' id='word_1_132' title='bbox 1516 2193 1551 2251; x_wconf 84' lang='grc' dir='ltr'>ιιι</span> 
     </span>
    </p>

    <p class='ocr_par' dir='ltr' id='par_1_6' title="bbox 393 2259 1301 2367">
     <span class='ocr_line' id='line_1_18' title="bbox 393 2259 1301 2367; baseline 0.003 -30"><span class='ocrx_word' id='word_1_133' title='bbox 393 2272 534 2340; x_wconf 81' lang='lat' dir='ltr'>Membra</span> <span class='ocrx_word' id='word_1_134' title='bbox 558 2275 696 2365; x_wconf 89' lang='lat' dir='ltr'>pannis</span> <span class='ocrx_word' id='word_1_135' title='bbox 690 2259 840 2367; x_wconf 73' lang='lat' dir='ltr'>involuta</span> <span class='ocrx_word' id='word_1_136' title='bbox 957 2273 1116 2363; x_wconf 73' lang='lat' dir='ltr'>soprato</span> <span class='ocrx_word' id='word_1_137' title='bbox 1145 2273 1301 2364; x_wconf 76' lang='lat' dir='ltr'>Vesperis.</span> 
     </span>
    </p>

    <p class='ocr_par' dir='ltr' id='par_1_7' title="bbox 395 2355 1415 2458">
     <span class='ocr_line' id='line_1_19' title="bbox 395 2355 1415 2458; baseline 0.002 -26"><span class='ocrx_word' id='word_1_138' title='bbox 395 2363 491 2454; x_wconf 81' lang='lat' dir='ltr'>Virgo</span> <span class='ocrx_word' id='word_1_139' title='bbox 515 2367 612 2434; x_wconf 86' lang='lat' dir='ltr'>llater</span> <span class='ocrx_word' id='word_1_140' title='bbox 635 2355 750 2458; x_wconf 83' lang='lat' dir='ltr'>alligat:</span> <span class='ocrx_word' id='word_1_141' title='bbox 909 2361 914 2368; x_wconf 74' lang='grc'>’</span> <span class='ocrx_word' id='word_1_142' title='bbox 1075 2368 1120 2435; x_wconf 84' lang='grc' dir='ltr'>ΙΝ</span> <span class='ocrx_word' id='word_1_143' title='bbox 1143 2368 1168 2433; x_wconf 92' lang='lat' dir='ltr'>l.</span> <span class='ocrx_word' id='word_1_144' title='bbox 1192 2366 1415 2452; x_wconf 71' lang='lat' dir='ltr'>NOCTURNO</span> 
     </span>
    </p>

    <p class='ocr_par' dir='ltr' id='par_1_8' title="bbox 394 2436 1548 2553">
     <span class='ocr_line' id='line_1_20' title="bbox 394 2436 1548 2553; baseline 0.004 -29"><span class='ocrx_word' id='word_1_145' title='bbox 394 2457 434 2526; x_wconf 89' lang='lat' dir='ltr'>Et</span> <span class='ocrx_word' id='word_1_146' title='bbox 456 2461 514 2528; x_wconf 84' lang='lat' dir='ltr'>Dei</span> <span class='ocrx_word' id='word_1_147' title='bbox 538 2481 661 2541; x_wconf 85' lang='lat' dir='ltr'>manus,</span> <span class='ocrx_word' id='word_1_148' title='bbox 679 2461 844 2553; x_wconf 86' lang='lat' dir='ltr'>pedesque</span> <span class='ocrx_word' id='word_1_149' title='bbox 1006 2460 1131 2550; x_wconf 73' lang='lat' dir='ltr'>Antipb</span> <span class='ocrx_word' id='word_1_150' title='bbox 1158 2436 1239 2540; x_wconf 82' lang='lat' dir='ltr'>Quis</span> <span class='ocrx_word' id='word_1_151' title='bbox 1254 2469 1312 2539; x_wconf 88' lang='lat' dir='ltr'>est,</span> <span class='ocrx_word' id='word_1_152' title='bbox 1329 2458 1385 2548; x_wconf 90' lang='lat' dir='ltr'>qui</span> <span class='ocrx_word' id='word_1_153' title='bbox 1402 2459 1489 2527; x_wconf 86' lang='lat' dir='ltr'>venit</span> <span class='ocrx_word' id='word_1_154' title='bbox 1505 2459 1548 2529; x_wconf 91' lang='lat' dir='ltr'>da</span> 
     </span>
    </p>

    <p class='ocr_par' dir='ltr' id='par_1_9' title="bbox 323 2510 1547 2737">
     <span class='ocr_line' id='line_1_21' title="bbox 343 2510 1547 2666; baseline -0.001 -45.956"><span class='ocrx_word' id='word_1_155' title='bbox 343 2543 507 2622; x_wconf 83' lang='lat' dir='ltr'>Stricta</span> <span class='ocrx_word' id='word_1_156' title='bbox 530 2551 628 2666; x_wconf 79' lang='lat' dir='ltr'>cingit</span> <span class='ocrx_word' id='word_1_157' title='bbox 643 2555 749 2624; x_wconf 89' lang='lat' dir='ltr'>lascia.</span> <span class='ocrx_word' id='word_1_158' title='bbox 800 2591 803 2600; x_wconf 39' lang='grc' dir='ltr'>ι</span> <span class='ocrx_word' id='word_1_159' title='bbox 957 2548 1071 2635; x_wconf 72' lang='lat' dir='ltr'>Edoni,</span> <span class='ocrx_word' id='word_1_160' title='bbox 1083 2554 1187 2620; x_wconf 86' lang='lat' dir='ltr'>tinctis</span> <span class='ocrx_word' id='word_1_161' title='bbox 1202 2510 1347 2619; x_wconf 85' lang='lat' dir='ltr'>rastibbs</span> <span class='ocrx_word' id='word_1_162' title='bbox 1364 2549 1405 2619; x_wconf 89' lang='lat' dir='ltr'>de</span> <span class='ocrx_word' id='word_1_163' title='bbox 1423 2553 1547 2638; x_wconf 77' lang='lat' dir='ltr'>bosra?</span> 
     </span>
     <span class='ocr_line' id='line_1_22' title="bbox 323 2645 1336 2737; baseline -0.005 -21"><span class='ocrx_word' id='word_1_164' title='bbox 323 2645 526 2737; x_wconf 80' lang='lat' dir='ltr'>Sempiterna</span> <span class='ocrx_word' id='word_1_165' title='bbox 548 2651 589 2716; x_wconf 92' lang='lat' dir='ltr'>sit</span> <span class='ocrx_word' id='word_1_166' title='bbox 612 2649 724 2720; x_wconf 84' lang='lat' dir='ltr'>beatae</span> <span class='ocrx_word' id='word_1_167' title='bbox 1133 2645 1253 2714; x_wconf 79' lang='lat' dir='ltr'>Pcclm.</span> <span class='ocrx_word' id='word_1_168' title='bbox 1284 2646 1336 2711; x_wconf 90' lang='lat' dir='ltr'>l0.</span> 
     </span>
    </p>

    <p class='ocr_par' dir='ltr' id='par_1_10' title="bbox 397 2694 1658 2832">
     <span class='ocr_line' id='line_1_23' title="bbox 397 2694 1658 2832; baseline 0.001 -26"><span class='ocrx_word' id='word_1_169' title='bbox 397 2742 536 2813; x_wconf 80' lang='lat' dir='ltr'>Trinitati</span> <span class='ocrx_word' id='word_1_170' title='bbox 549 2743 659 2832; x_wconf 85' lang='lat' dir='ltr'>gloria,</span> <span class='ocrx_word' id='word_1_171' title='bbox 735 2791 738 2798; x_wconf 65' lang='grc'><strong><em>»</em></strong></span> <span class='ocrx_word' id='word_1_172' title='bbox 900 2769 904 2776; x_wconf 89' lang='lat'>·</span> <span class='ocrx_word' id='word_1_173' title='bbox 960 2694 1017 2808; x_wconf 74' lang='lat' dir='ltr'>ln</span> <span class='ocrx_word' id='word_1_174' title='bbox 1039 2739 1177 2807; x_wconf 86' lang='lat' dir='ltr'>Domino</span> <span class='ocrx_word' id='word_1_175' title='bbox 1200 2736 1341 2820; x_wconf 89' lang='lat' dir='ltr'>conlido,</span> <span class='ocrx_word' id='word_1_176' title='bbox 1379 2737 1546 2829; x_wconf 91' lang='lat' dir='ltr'>quomodo</span> <span class='ocrx_word' id='word_1_177' title='bbox 1657 2748 1658 2791; x_wconf 61' lang='lat' dir='ltr'>i</span> 
     </span>
    </p>

    <p class='ocr_par' dir='ltr' id='par_1_11' title="bbox 394 2831 1589 2926">
     <span class='ocr_line' id='line_1_24' title="bbox 394 2831 1589 2926; baseline 0 -26"><span class='ocrx_word' id='word_1_178' title='bbox 394 2833 497 2923; x_wconf 82' lang='lat' dir='ltr'>lllqua</span> <span class='ocrx_word' id='word_1_179' title='bbox 521 2837 613 2916; x_wconf 84' lang='lat' dir='ltr'>Patri,</span> <span class='ocrx_word' id='word_1_180' title='bbox 639 2838 795 2926; x_wconf 80' lang='lat' dir='ltr'>Pilioque:</span> <span class='ocrx_word' id='word_1_181' title='bbox 886 2905 890 2912; x_wconf 84' lang='grc'><em>,</em></span> <span class='ocrx_word' id='word_1_182' title='bbox 958 2835 1063 2904; x_wconf 88' lang='lat' dir='ltr'>dicitis</span> <span class='ocrx_word' id='word_1_183' title='bbox 1087 2835 1213 2902; x_wconf 87' lang='lat' dir='ltr'>animae</span> <span class='ocrx_word' id='word_1_184' title='bbox 1243 2853 1341 2902; x_wconf 88' lang='lat' dir='ltr'>meae:</span> <span class='ocrx_word' id='word_1_185' title='bbox 1364 2831 1387 2873; x_wconf 81' lang='lat'>*</span> <span class='ocrx_word' id='word_1_186' title='bbox 1582 2906 1589 2922; x_wconf 57' lang='grc'><strong>,</strong></span> 
     </span>
    </p>

    <p class='ocr_par' dir='ltr' id='par_1_12' title="bbox 391 2923 1566 3018">
     <span class='ocr_line' id='line_1_25' title="bbox 391 2923 1566 3018; baseline 0.003 -28.01"><span class='ocrx_word' id='word_1_187' title='bbox 391 2925 457 3009; x_wconf 83' lang='grc' dir='ltr'>Ριι</span> <span class='ocrx_word' id='word_1_188' title='bbox 479 2927 580 2994; x_wconf 83' lang='lat' dir='ltr'>dacus</span> <span class='ocrx_word' id='word_1_189' title='bbox 605 2931 769 2998; x_wconf 83' lang='lat' dir='ltr'>Paranlito:</span> <span class='ocrx_word' id='word_1_190' title='bbox 852 2977 855 2984; x_wconf 71' lang='grc'>.</span> <span class='ocrx_word' id='word_1_191' title='bbox 949 2925 1135 3018; x_wconf 78' lang='grc' dir='ltr'>Αιιίρι.</span> <span class='ocrx_word' id='word_1_192' title='bbox 1174 2929 1282 3010; x_wconf 84' lang='lat' dir='ltr'>Quare</span> <span class='ocrx_word' id='word_1_193' title='bbox 1320 2923 1456 2995; x_wconf 86' lang='lat' dir='ltr'>rubrum</span> <span class='ocrx_word' id='word_1_194' title='bbox 1501 2936 1566 3017; x_wconf 74' lang='lat' dir='ltr'>ent¹</span> 
     </span>
    </p>
   </div>
   <div class='ocr_carea' id='block_1_5' title="bbox 373 3001 1659 3108">
    <p class='ocr_par' dir='ltr' id='par_1_13' title="bbox 373 3001 1659 3108">
     <span class='ocr_line' id='line_1_26' title="bbox 373 3001 1659 3108; baseline 0.001 -22.017"><span class='ocrx_word' id='word_1_195' title='bbox 373 3001 517 3098; x_wconf 88' lang='lat' dir='ltr'>Unius,</span> <span class='ocrx_word' id='word_1_196' title='bbox 535 3021 686 3108; x_wconf 76' lang='lat' dir='ltr'>lrinique</span> <span class='ocrx_word' id='word_1_197' title='bbox 704 3041 842 3090; x_wconf 86' lang='lat' dir='ltr'>noman</span> <span class='ocrx_word' id='word_1_198' title='bbox 961 3022 1182 3091; x_wconf 69' lang='lat' dir='ltr'>indumentum</span> <span class='ocrx_word' id='word_1_199' title='bbox 1195 3031 1300 3100; x_wconf 83' lang='lat' dir='ltr'>tuum,</span> <span class='ocrx_word' id='word_1_200' title='bbox 1316 3034 1349 3088; x_wconf 91' lang='lat' dir='ltr'>et</span> <span class='ocrx_word' id='word_1_201' title='bbox 1364 3022 1556 3089; x_wconf 71' lang='lat' dir='ltr'>vestimenta·</span> <span class='ocrx_word' id='word_1_202' title='bbox 1655 3018 1659 3077; x_wconf 78' lang='lat' dir='ltr'>l</span> 
     </span>
    </p>
   </div>
   <div class='ocr_carea' id='block_1_6' title="bbox 306 3109 1622 4328">
    <p class='ocr_par' dir='ltr' id='par_1_14' title="bbox 306 3109 1622 4328">
     <span class='ocr_line' id='line_1_27' title="bbox 306 3109 1553 3187; baseline 0.004 -12"><span class='ocrx_word' id='word_1_203' title='bbox 306 3121 310 3130; x_wconf 89' lang='grc'><strong><em>’</em></strong></span> <span class='ocrx_word' id='word_1_204' title='bbox 396 3109 519 3179; x_wconf 79' lang='lat' dir='ltr'>Laudat</span> <span class='ocrx_word' id='word_1_205' title='bbox 543 3111 745 3180; x_wconf 86' lang='lat' dir='ltr'>Universitas.</span> <span class='ocrx_word' id='word_1_206' title='bbox 861 3109 864 3116; x_wconf 82' lang='grc'><strong><em>’</em></strong></span> <span class='ocrx_word' id='word_1_207' title='bbox 961 3127 1018 3182; x_wconf 83' lang='grc' dir='ltr'>ιιι</span> <span class='ocrx_word' id='word_1_208' title='bbox 1040 3117 1126 3180; x_wconf 85' lang='lat' dir='ltr'>sicut</span> <span class='ocrx_word' id='word_1_209' title='bbox 1152 3112 1345 3180; x_wconf 82' lang='lat' dir='ltr'>calcantium</span> <span class='ocrx_word' id='word_1_210' title='bbox 1384 3115 1419 3179; x_wconf 87' lang='lat' dir='ltr'>in</span> <span class='ocrx_word' id='word_1_211' title='bbox 1443 3124 1553 3187; x_wconf 85' lang='lat' dir='ltr'>torcu-</span> 
     </span>
     <span class='ocr_line' id='line_1_28' title="bbox 442 3206 1074 3284; baseline 0.006 -14"><span class='ocrx_word' id='word_1_212' title='bbox 442 3211 474 3284; x_wconf 78' lang='grc' dir='ltr'>ιι.</span> <span class='ocrx_word' id='word_1_213' title='bbox 499 3210 609 3284; x_wconf 79' lang='lat' dir='ltr'>Amen.</span> <span class='ocrx_word' id='word_1_214' title='bbox 832 3266 835 3280; x_wconf 83' lang='lat'><em>,</em></span> <span class='ocrx_word' id='word_1_215' title='bbox 961 3207 1033 3274; x_wconf 91' lang='lat' dir='ltr'>lari.</span> <span class='ocrx_word' id='word_1_216' title='bbox 1056 3206 1074 3274; x_wconf 78' lang='lat' dir='ltr'>l</span> 
     </span>
     <span class='ocr_line' id='line_1_29' title="bbox 371 3296 1578 3392; baseline -0.005 -24"><span class='ocrx_word' id='word_1_217' title='bbox 371 3301 405 3368; x_wconf 72' lang='grc' dir='ltr'>ι</span> <span class='ocrx_word' id='word_1_218' title='bbox 426 3296 630 3382; x_wconf 68' lang='lat' dir='ltr'>Videbunt·</span> <span class='ocrx_word' id='word_1_219' title='bbox 619 3321 655 3373; x_wconf 82' lang='grc' dir='ltr'>ιιι</span> <span class='ocrx_word' id='word_1_220' title='bbox 693 3317 791 3392; x_wconf 86' lang='lat' dir='ltr'>quem</span> <span class='ocrx_word' id='word_1_221' title='bbox 829 3305 915 3366; x_wconf 88' lang='lat' dir='ltr'>tran-</span> <span class='ocrx_word' id='word_1_222' title='bbox 1154 3297 1273 3368; x_wconf 81' lang='lat' dir='ltr'>Psalm</span> <span class='ocrx_word' id='word_1_223' title='bbox 1308 3297 1358 3363; x_wconf 85' lang='lat' dir='ltr'>ll.</span> <span class='ocrx_word' id='word_1_224' title='bbox 1574 3335 1578 3344; x_wconf 88' lang='lat'><strong>·</strong></span> 
     </span>
     <span class='ocr_line' id='line_1_30' title="bbox 328 3383 1551 3526; baseline 0.005 -72"><span class='ocrx_word' id='word_1_225' title='bbox 328 3383 492 3457; x_wconf 84' lang='lat' dir='ltr'>slixerunt.</span> <span class='ocrx_word' id='word_1_226' title='bbox 594 3439 597 3444; x_wconf 88' lang='lat'>-</span> <span class='ocrx_word' id='word_1_227' title='bbox 1009 3393 1153 3472; x_wconf 82' lang='lat' dir='ltr'>Domine,</span> <span class='ocrx_word' id='word_1_228' title='bbox 1187 3391 1295 3526; x_wconf 89' lang='lat' dir='ltr'>quis</span> <span class='ocrx_word' id='word_1_229' title='bbox 1309 3388 1467 3457; x_wconf 81' lang='lat' dir='ltr'>habitabit</span> <span class='ocrx_word' id='word_1_230' title='bbox 1516 3391 1551 3461; x_wconf 89' lang='lat' dir='ltr'>in</span> 
     </span>
     <span class='ocr_line' id='line_1_31' title="bbox 371 3480 1295 3576; baseline 0.001 -27"><span class='ocrx_word' id='word_1_231' title='bbox 371 3490 405 3566; x_wconf 74' lang='grc' dir='ltr'>ιι</span> <span class='ocrx_word' id='word_1_232' title='bbox 428 3484 475 3550; x_wconf 82' lang='lat' dir='ltr'>Et</span> <span class='ocrx_word' id='word_1_233' title='bbox 497 3483 652 3554; x_wconf 86' lang='lat' dir='ltr'>dolebunt</span> <span class='ocrx_word' id='word_1_234' title='bbox 691 3507 790 3576; x_wconf 85' lang='lat' dir='ltr'>super</span> <span class='ocrx_word' id='word_1_235' title='bbox 828 3507 914 3567; x_wconf 84' lang='lat' dir='ltr'>eum,</span> <span class='ocrx_word' id='word_1_236' title='bbox 962 3483 1167 3553; x_wconf 85' lang='lat' dir='ltr'>tabernaculo</span> <span class='ocrx_word' id='word_1_237' title='bbox 1182 3480 1295 3550; x_wconf 74' lang='lat' dir='ltr'>tum*</span> 
     </span>
     <span class='ocr_line' id='line_1_32' title="bbox 326 3575 1583 3671; baseline 0.004 -31"><span class='ocrx_word' id='word_1_238' title='bbox 326 3576 398 3640; x_wconf 91' lang='lat' dir='ltr'>ut</span> <span class='ocrx_word' id='word_1_239' title='bbox 388 3599 422 3642; x_wconf 89' lang='lat' dir='ltr'>m</span> <span class='ocrx_word' id='word_1_240' title='bbox 445 3589 546 3646; x_wconf 85' lang='lat' dir='ltr'>morte</span> <span class='ocrx_word' id='word_1_241' title='bbox 571 3579 782 3668; x_wconf 75' lang='lat' dir='ltr'>primogeniti.</span> <span class='ocrx_word' id='word_1_242' title='bbox 996 3575 1130 3671; x_wconf 78' lang='lat' dir='ltr'>Autiplt.</span> <span class='ocrx_word' id='word_1_243' title='bbox 1147 3577 1300 3645; x_wconf 80' lang='lat' dir='ltr'>lorcular</span> <span class='ocrx_word' id='word_1_244' title='bbox 1315 3577 1436 3645; x_wconf 88' lang='lat' dir='ltr'>calcavi</span> <span class='ocrx_word' id='word_1_245' title='bbox 1449 3576 1583 3658; x_wconf 92' lang='lat' dir='ltr'>solus·</span> 
     </span>
     <span class='ocr_line' id='line_1_33' title="bbox 419 3669 1550 3781; baseline -0.002 -41"><span class='ocrx_word' id='word_1_246' title='bbox 419 3672 469 3740; x_wconf 79' lang='lat' dir='ltr'>Ad</span> <span class='ocrx_word' id='word_1_247' title='bbox 482 3671 678 3781; x_wconf 29' lang='lat' dir='ltr'>‘Mdparfient</span> <span class='ocrx_word' id='word_1_248' title='bbox 694 3673 819 3764; x_wconf 47' lang='lat' dir='ltr'>Authpt</span> <span class='ocrx_word' id='word_1_249' title='bbox 958 3681 1007 3741; x_wconf 91' lang='lat' dir='ltr'>et</span> <span class='ocrx_word' id='word_1_250' title='bbox 1029 3670 1071 3740; x_wconf 88' lang='lat' dir='ltr'>de</span> <span class='ocrx_word' id='word_1_251' title='bbox 1103 3669 1252 3763; x_wconf 77' lang='lat' dir='ltr'>gentibus</span> <span class='ocrx_word' id='word_1_252' title='bbox 1290 3691 1355 3740; x_wconf 92' lang='lat' dir='ltr'>non</span> <span class='ocrx_word' id='word_1_253' title='bbox 1395 3670 1455 3739; x_wconf 88' lang='lat' dir='ltr'>luit</span> <span class='ocrx_word' id='word_1_254' title='bbox 1500 3671 1550 3742; x_wconf 81' lang='lat' dir='ltr'>vir</span> 
     </span>
     <span class='ocr_line' id='line_1_34' title="bbox 371 3763 1096 3858; baseline 0.007 -28"><span class='ocrx_word' id='word_1_255' title='bbox 371 3763 491 3831; x_wconf 88' lang='lat' dir='ltr'>Dum</span> <span class='ocrx_word' id='word_1_256' title='bbox 481 3785 514 3830; x_wconf 90' lang='grc' dir='ltr'>ιιι</span> <span class='ocrx_word' id='word_1_257' title='bbox 538 3765 655 3834; x_wconf 85' lang='lat' dir='ltr'>Cruce</span> <span class='ocrx_word' id='word_1_258' title='bbox 663 3763 823 3858; x_wconf 85' lang='lat' dir='ltr'>penderet</span> <span class='ocrx_word' id='word_1_259' title='bbox 836 3765 911 3836; x_wconf 87' lang='lat' dir='ltr'>Uni·</span> <span class='ocrx_word' id='word_1_260' title='bbox 960 3787 1096 3835; x_wconf 89' lang='lat' dir='ltr'>mecum.</span> 
     </span>
     <span class='ocr_line' id='line_1_35' title="bbox 325 3858 1352 3948; baseline 0 -22"><span class='ocrx_word' id='word_1_261' title='bbox 325 3859 453 3948; x_wconf 73' lang='lat' dir='ltr'>genitus</span> <span class='ocrx_word' id='word_1_262' title='bbox 476 3858 532 3926; x_wconf 88' lang='lat' dir='ltr'>Dei</span> <span class='ocrx_word' id='word_1_263' title='bbox 558 3858 666 3941; x_wconf 82' lang='lat' dir='ltr'>Filius,</span> <span class='ocrx_word' id='word_1_264' title='bbox 689 3870 722 3928; x_wconf 89' lang='lat' dir='ltr'>et</span> <span class='ocrx_word' id='word_1_265' title='bbox 744 3858 785 3926; x_wconf 83' lang='lat' dir='ltr'>ab</span> <span class='ocrx_word' id='word_1_266' title='bbox 810 3862 913 3928; x_wconf 91' lang='lat' dir='ltr'>omni·</span> <span class='ocrx_word' id='word_1_267' title='bbox 1157 3858 1277 3928; x_wconf 76' lang='lat' dir='ltr'>Ptalm</span> <span class='ocrx_word' id='word_1_268' title='bbox 1296 3858 1352 3927; x_wconf 75' lang='grc'>23</span> 
     </span>
     <span class='ocr_line' id='line_1_36' title="bbox 323 3945 1548 4064; baseline -0.002 -46"><span class='ocrx_word' id='word_1_269' title='bbox 323 3949 387 4019; x_wconf 89' lang='lat' dir='ltr'>bus</span> <span class='ocrx_word' id='word_1_270' title='bbox 410 3949 670 4036; x_wconf 83' lang='lat' dir='ltr'>subsannaretur,</span> <span class='ocrx_word' id='word_1_271' title='bbox 708 3951 806 4023; x_wconf 87' lang='lat' dir='ltr'>llatar</span> <span class='ocrx_word' id='word_1_272' title='bbox 843 3953 914 4043; x_wconf 91' lang='lat' dir='ltr'>ejus</span> <span class='ocrx_word' id='word_1_273' title='bbox 1007 3951 1132 4022; x_wconf 88' lang='lat' dir='ltr'>Ilomini</span> <span class='ocrx_word' id='word_1_274' title='bbox 1156 3963 1206 4022; x_wconf 88' lang='lat' dir='ltr'>est</span> <span class='ocrx_word' id='word_1_275' title='bbox 1228 3963 1321 4035; x_wconf 84' lang='lat' dir='ltr'>terra,</span> <span class='ocrx_word' id='word_1_276' title='bbox 1337 3962 1370 4022; x_wconf 88' lang='lat' dir='ltr'>et</span> <span class='ocrx_word' id='word_1_277' title='bbox 1382 3945 1548 4064; x_wconf 88' lang='lat' dir='ltr'>plenitudo</span> 
     </span>
     <span class='ocr_line' id='line_1_37' title="bbox 324 4043 1622 4141; baseline 0.002 -28"><span class='ocrx_word' id='word_1_278' title='bbox 324 4043 421 4132; x_wconf 79' lang='lat' dir='ltr'>lingo</span> <span class='ocrx_word' id='word_1_279' title='bbox 434 4046 561 4114; x_wconf 83' lang='lat' dir='ltr'>blarru</span> <span class='ocrx_word' id='word_1_280' title='bbox 531 4065 658 4141; x_wconf 77' lang='lat' dir='ltr'>ipsum</span> <span class='ocrx_word' id='word_1_281' title='bbox 670 4067 782 4116; x_wconf 86' lang='lat' dir='ltr'>verum</span> <span class='ocrx_word' id='word_1_282' title='bbox 800 4047 915 4129; x_wconf 83' lang='lat' dir='ltr'>Deum,</span> <span class='ocrx_word' id='word_1_283' title='bbox 962 4048 1041 4137; x_wconf 86' lang='lat' dir='ltr'>ejus:</span> <span class='ocrx_word' id='word_1_284' title='bbox 1059 4046 1131 4093; x_wconf 69' lang='lat'>⁸*</span> <span class='ocrx_word' id='word_1_285' title='bbox 1615 4120 1622 4131; x_wconf 65' lang='lat'><strong>‚</strong></span> 
     </span>
     <span class='ocr_line' id='line_1_38' title="bbox 324 4097 1554 4222; baseline 0 -16"><span class='ocrx_word' id='word_1_286' title='bbox 324 4145 358 4206; x_wconf 87' lang='lat' dir='ltr'>et</span> <span class='ocrx_word' id='word_1_287' title='bbox 380 4097 540 4212; x_wconf 80' lang='lat' dir='ltr'>homineni</span> <span class='ocrx_word' id='word_1_288' title='bbox 579 4138 759 4215; x_wconf 86' lang='lat' dir='ltr'>condolens</span> <span class='ocrx_word' id='word_1_289' title='bbox 781 4161 914 4213; x_wconf 83' lang='lat' dir='ltr'>venera·</span> <span class='ocrx_word' id='word_1_290' title='bbox 1006 4137 1037 4215; x_wconf 75' lang='lat' dir='ltr'>l.</span> <span class='ocrx_word' id='word_1_291' title='bbox 1059 4139 1224 4214; x_wconf 82' lang='lat' dir='ltr'>Foderunt</span> <span class='ocrx_word' id='word_1_292' title='bbox 1245 4157 1361 4210; x_wconf 84' lang='lat' dir='ltr'>nanus</span> <span class='ocrx_word' id='word_1_293' title='bbox 1389 4156 1488 4222; x_wconf 83' lang='lat' dir='ltr'>meos,</span> <span class='ocrx_word' id='word_1_294' title='bbox 1517 4146 1554 4210; x_wconf 88' lang='lat' dir='ltr'>et</span> 
     </span>
     <span class='ocr_line' id='line_1_39' title="bbox 325 4226 1182 4328; baseline 0.007 -28"><span class='ocrx_word' id='word_1_295' title='bbox 325 4226 1060 4328; x_wconf 69' lang='lat' dir='ltr'>trinepotes</span> <span class='ocrx_word' id='word_1_296' title='bbox 1083 4253 1182 4306; x_wconf 79' lang='lat' dir='ltr'>moos.</span> 
     </span>
    </p>
   </div>
   <div class='ocr_carea' id='block_1_7' title="bbox 0 0 1796 5034">
    <p class='ocr_par' dir='ltr' id='par_1_15' title="bbox 0 0 1796 5034">
     <span class='ocr_line' id='line_1_40' title="bbox 0 0 1796 5034; baseline 0 0"><span class='ocrx_word' id='word_1_297' title='bbox 0 0 1796 5034; x_wconf 95' lang='lat' dir='ltr'> </span> 
     </span>
    </p>
   </div>
  </div>
 </body>
</html>
