3584 5034
316 621 331 686 l
338 623 383 688 92
735 620 865 691 FESTA
887 623 1120 694 ttovtlttbats
1508 709 1512 717 ¹

311 732 393 811 lusa3
416 740 451 799 tu
474 731 585 804 Enoch
615 733 691 802 inita
726 736 835 826 gratia,
859 745 899 805 et
944 740 1158 808 inmeritus.
1189 738 1232 806 'l'e
1262 735 1354 806 enixe
1392 733 1536 806 Ezechiel

308 828 343 894 in
365 844 512 895 securam
534 827 630 898 vitam
669 829 824 916 migratio.
840 831 899 897 'Tu
943 830 1116 899 vaticinans
1128 830 1297 922 appellavit
1307 837 1434 921 portam
1447 829 1538 898 clau·

306 919 495 1014 Noe'arca,
513 929 545 990 et
573 921 734 990 secundas
764 942 895 1010 regene-
943 945 1023 1004 sam,
1048 945 1225 1014 perquam
1251 943 1346 992 nemo
1371 921 1537 991 bominum

307 1014 441 1081 rationis
462 1013 551 1102 apud
574 1015 676 1083 Deum
708 1018 897 1085 conciliatio.
945 1039 1098 1106 umquam
1122 1016 1266 1084 transibit
1290 1017 1349 1084 nisi
1381 1017 1538 1084 Dominus

307 1105 354 1174 Tu
378 1109 467 1195 regni
489 1116 522 1174 et
554 1108 740 1177 Sacerdotii‘
768 1104 893 1179 llrlcbi-
940 1111 1150 1190 Deosvsolus,
1175 1121 1206 1179 et
1229 1119 1353 1201 portam
1393 1109 1535 1176 clausam

304 1197 420 1269 sedech
444 1201 631 1289 perillustris
671 1203 832 1294 splendor;
857 1215 892 1270 tu
941 1203 1150 1274 conservabit.
1175 1205 1218 1272 Te
1243 1203 1339 1271 isaias
1356 1201 1408 1269 ille
1425 1203 1533 1293 inpri-

303 1289 437 1360 Abrami
461 1291 552 1362 firma
578 1291 696 1363 fiducia
713 1307 744 1363 et
758 1298 894 1386 prornis-
940 1295 1451 1386 nnisgrandiloquuspraenuntiat
1469 1298 1535 1362 vir·

303 1385 402 1453 sionis
426 1386 552 1456 futurae
576 1390 764 1477 posteritatis
798 1391 894 1458 obse·
941 1399 1012 1478 gani
1039 1393 1138 1471 lesse,
1162 1411 1201 1457 ex
1224 1401 1289 1479 qua
1307 1387 1365 1456 llos
1390 1389 1533 1456 Christus

303 1497 407 1566 quens
423 1478 513 1550 fides.
530 1480 576 1548 Tu
600 1481 689 1549 lsaac
705 1503 824 1550 novum
841 1486 897 1551 Sa·
943 1485 1089 1564 orietur,
1115 1494 1149 1551 et
1178 1481 1346 1550 fruticibus
1384 1482 1534 1550 vitiorum
1585 1547 1588 1554 ,

302 1570 459 1644 orificium
482 1585 515 1643 et
548 1575 701 1662 rationale
739 1575 893 1645 holocau·
941 1576 1102 1668 extirpatis
1125 1575 1290 1656 radicitus,
1314 1575 1437 1665 plantas
1454 1573 1535 1642 divi·

303 1675 399 1746 stum3
425 1676 460 1732 tu
498 1665 599 1734 iacob
623 1669 655 1734 in
690 1669 808 1736 scalam
835 1669 892 1736 ad·
940 1691 1000 1737 nas
1024 1668 1212 1758 cognitionis
1235 1672 1270 1735 in
1292 1686 1371 1756 agro
1407 1667 1534 1735 inserat.

304 1779 440 1826 scansus
477 1781 585 1841 causa,
610 1772 642 1852 et
670 1762 892 1831 loecunditatis
939 1764 983 1830 'le
1021 1765 1175 1831 ieremias
1211 1763 1458 1853 praemostravit
1486 1761 1535 1826 in·

303 1851 336 1916 in
360 1849 529 1922 duodecim
554 1854 655 1922 tribus
683 1858 895 1945 permanentis
943 1857 1066 1944 quiens:
1090 1876 1165 1925 eccs
1189 1854 1256 1922 dias
1280 1855 1417 1934 venient,
1456 1851 1535 1922 dicit

303 1947 467 2034 expressio
492 1947 769 2016 nobilissima-Tu
794 1947 896 2017 ludas
943 1950 1108 2029 Dominus,
1134 1959 1166 2016 et
1188 1945 1301 2014 domui
1339 1942 1441 2013 ludas
1466 1945 1537 2012 ioe-

303 2040 478 2128 apparuisti
501 2037 679 2110 securidum
704 2043 835 2133 stirpem
859 2041 897 2108 fi·
945 2042 1007 2111 dus
1031 2063 1161 2121 novum,
1186 2039 1276 2131 quod
1293 2038 1440 2106 cunstitui
1458 2056 1536 2106 cum

302 2129 355 2210 lia;
379 2141 414 2199 tu
440 2134 567 2224 losepbi
609 2135 760 2224 pudicitia
786 2146 818 2202 et
841 2157 896 2203 ve-
944 2135 1088 2228 patribus
1117 2155 1241 2214 eorum,
1273 2133 1315 2222 ita
1354 2128 1536 2220 significans

246 2211 261 2238 '
303 2227 379 2291 teris
404 2230 549 2318 Aegypti,
572 2228 720 2293 nimirum
752 2229 895 2321 synago·
943 2229 1115 2298 adventum
1140 2239 1312 2317 ortumque
1335 2223 1393 2292 tilii
1417 2224 1472 2304 tui,
1503 2233 1536 2292 et

301 2337 362 2405 gae
386 2318 580 2386 ludaeorum
592 2321 726 2400 eversio,
743 2341 764 2387 o
781 2323 895 2401 lrnma7
940 2323 1096 2414 populum
1123 2323 1262 2411 gentium
1281 2339 1399 2388 vocans
1414 2316 1455 2384 ad
1475 2320 1535 2386 llo-

207 2471 213 2482 .
304 2410 431 2479 culatal
455 2413 502 2480 Tu
526 2413 644 2506 Moysis
683 2413 899 2505 ejusdemque·
941 2439 995 2484 um
1021 2415 1220 2482 adorandum
1246 2412 1320 2480 inde
1338 2408 1534 2500 usqueafi·

247 2572 251 2579 ,
304 2502 504 2592 Leg'mlatoris
528 2506 608 2574 liber
631 2506 783 2576 divinitus
817 2530 895 2576 con·
943 2510 1037 2576 nibus
1062 2519 1170 2576 terrae.
1201 2508 1257 2574 lo
1291 2506 1383 2573 etiam
1423 2503 1534 2572 Daniel

234 2603 237 2608 ’
302 2596 469 2680 cinnatus,
493 2601 529 2668 in
551 2621 619 2691 quo
658 2604 812 2691 scriptum
845 2613 895 2670 est
940 2604 989 2672 vir
1042 2600 1272 2668 desideriorum
1327 2596 1535 2690 proclamavit

302 2690 543 2763 Sacramentum
567 2698 838 2782 regenarationis,
862 2706 896 2764 et
942 2705 1081 2763 montena
1108 2695 1277 2781 ingentem,
1294 2713 1320 2774 ¹e
1345 2711 1413 2781 quo
1446 2689 1535 2758 Cbri·

303 2781 418 2853 divinis
441 2786 546 2874 digitis
568 2788 725 2878 insculpta
743 2791 774 2855 in
797 2789 891 2855 tabu-
938 2800 1007 2856 stus
1032 2787 1110 2878 lapis
1133 2785 1294 2876 angularis
1317 2782 1533 2864 abscindetur,

303 2874 345 2942 lis
367 2877 419 2946 lex
443 2891 491 2947 est
525 2892 686 2969 tamquam
727 2882 759 2947 in
791 2892 898 2951 monte
944 2892 976 2950 et
999 2881 1203 2950 simulacrum
1230 2877 1432 2945 multiformis
1466 2897 1534 2946 ser·

303 2971 402 3062 syna,
425 2970 481 3038 ubi
505 2995 609 3042 novus
634 2975 730 3042 lsrael
745 2975 787 3042 ab
805 2976 896 3043 intel-
941 2976 1044 3067 pontis
1068 2977 1161 3042 ruina
1183 2984 1282 3062 atqua
1304 2973 1402 3040 esitio
1421 2967 1534 3038 :dissi-

303 3061 469 3152 ligibilium
494 3067 721 3158 Aegyptiorum
746 3070 897 3138 servitute
943 3069 1041 3158 pabit.
1066 3069 1108 3136 l'e
1133 3067 1255 3135 honoro
1279 3081 1395 3156 aquam
1422 3063 1534 3130 imma·

303 3157 527 3238 vindicabitur,
550 3158 823 3250 quemadmodum
837 3183 894 3228 an·
942 3162 1090 3242 culatam,
1113 3171 1145 3228 te
1167 3157 1318 3250 praedico
1341 3161 1441 3246 gratia
1464 3156 1533 3248 plo-

304 3250 414 3340 tiquus
425 3252 568 3345 populus,
577 3254 608 3320 iu
625 3253 795 3322 solitudine
807 3275 895 3321 man·
943 3275 1028 3335 narn,
1051 3264 1083 3322 te
1106 3273 1187 3322 cano
1229 3251 1282 3319 Dei
1309 3252 1532 3320 habitationem

303 3365 345 3412 na
367 3354 501 3436 etaqua
524 3345 564 3414 de
580 3358 669 3436 petra
684 3350 817 3416 satiatos
833 3358 891 3428 est,
937 3369 1050 3438 puram
1076 3357 1109 3416 et
1134 3344 1378 3415 immaculatam.
1418 3346 1457 3411 Et
1479 3363 1532 3412 sa·

303 3448 393 3526 petra
413 3449 523 3508 autem
545 3450 613 3506 erat
637 3438 780 3510 Christus
802 3452 893 3510 ebro
942 3461 982 3508 oe
1006 3441 1061 3508 ubi
1086 3439 1260 3507 abundarit
1284 3437 1452 3516 delictum,
1474 3459 1531 3505 su·

303 3532 893 3626 gremioproditurustamquamSpon·
941 3533 1175 3624 perabundavit
1198 3530 1306 3620 gratia.
1338 3534 1396 3600 l’er
1419 3528 1533 3598 mulie·

302 3644 360 3692 sus
383 3622 587 3694 de'tbalamo.
604 3627 652 3692 Tu
676 3630 811 3694 daronis
828 3629 892 3693 vir-
938 3649 1004 3694 rena
1031 3636 1162 3694 mortem
1188 3626 1302 3692 lucrati
1325 3644 1450 3704 sumus,
1474 3643 1533 3714 per

303 3738 344 3805 ga
367 3715 550 3801 florescens
577 3730 612 3786 tu
635 3740 671 3786 es
706 3720 835 3788 Davidis
859 3718 897 3801 fi,
945 3719 1109 3788 mulierem
1134 3719 1283 3786 universa
1312 3718 1381 3809 ipss
1419 3737 1533 3784 rursus
1661 3749 1662 3762 ι

303 3811 346 3878 lia
369 3813 491 3884 limbris
514 3816 620 3884 aureis
658 3813 894 3882 circumvestita
940 3811 1134 3880 instaurabit.
1151 3813 1211 3880 Per
1226 3822 1405 3902 serpentem
1421 3809 1532 3878 cibum

304 3908 394 3978 varin
416 3917 531 3978 ornatu
554 3909 722 3975 nitescens.
940 3906 1126 3997 accepimus
1147 3903 1402 3996 amarisaporis,
1426 3925 1486 3995 per
1509 3903 1534 3968 i·

350 4009 382 4084 d.
405 4003 525 4072 Hortus
548 4001 732 4069 conclusus.
940 4021 1034 4092 psum
1059 4019 1135 4068 vero
1159 4019 1287 4066 rursum
1305 4016 1472 4066 vescemur
1488 3996 1534 4062 ci·

520 4096 601 4165 Lect.
625 4113 693 4161 rru.
871 4122 875 4128 ·
942 4093 985 4160 bo
1011 4092 1262 4174 immortalitatis,
1293 4092 1395 4158 Prima
1419 4107 1534 4179 parens

308 4136 388 4255 Tu
410 4209 447 4258 es
470 4188 699 4280 Prophetarum
716 4187 895 4278 speculum,
943 4186 1014 4254 Eva
1034 4187 1168 4254 Caluum
1191 4186 1225 4252 in
1249 4183 1354 4254 lucem
1371 4180 1469 4252 edidit
1486 4178 1535 4248 in·

307 4292 339 4350 at
362 4301 469 4348 rarum
492 4280 534 4348 ab
563 4281 625 4349 illis
662 4281 896 4372 praenuntiata·
945 4278 1052 4348 vidiae
1087 4290 1119 4348 et
1153 4279 1313 4370 nequitiae
1344 4275 1532 4367 principum
