<?xml version="1.0" encoding="UTF-8"?>
<!DOCTYPE html PUBLIC "-//W3C//DTD XHTML 1.0 Transitional//EN"
    "http://www.w3.org/TR/xhtml1/DTD/xhtml1-transitional.dtd">
<html xmlns="http://www.w3.org/1999/xhtml" xml:lang="en" lang="en">
 <head>
  <title>
</title>
<meta http-equiv="Content-Type" content="text/html;charset=utf-8" />
  <meta name='ocr-system' content='tesseract 3.04.00' />
  <meta name='ocr-capabilities' content='ocr_page ocr_carea ocr_par ocr_line ocrx_word'/>
</head>
<body>
  <div class='ocr_page' id='page_1' title='image "./officiasanctoru00churgoog/officiasanctoru00churgoog_0089.png"; bbox 0 0 3584 5034; ppageno 0'>
   <div class='ocr_carea' id='block_1_1' title="bbox 251 592 1482 1641">
    <p class='ocr_par' dir='ltr' id='par_1_1' title="bbox 251 592 1482 1272">
     <span class='ocr_line' id='line_1_1' title="bbox 511 592 1482 687; baseline 0.003 -27"><span class='ocrx_word' id='word_1_1' title='bbox 511 680 515 685; x_wconf 26' lang='grc' dir='ltr'>Ι</span> <span class='ocrx_word' id='word_1_2' title='bbox 712 592 840 687; x_wconf 74' lang='lat' dir='ltr'>FESTA</span> <span class='ocrx_word' id='word_1_3' title='bbox 864 592 1026 661; x_wconf 72' lang='lat' dir='ltr'><strong>Anulus</strong></span> <span class='ocrx_word' id='word_1_4' title='bbox 1436 596 1482 663; x_wconf 65' lang='grc' dir='ltr'><strong>θ’</strong></span> 
     </span>
     <span class='ocr_line' id='line_1_2' title="bbox 253 704 1433 800; baseline 0.004 -27"><span class='ocrx_word' id='word_1_5' title='bbox 253 704 404 800; x_wconf 85' lang='lat' dir='ltr'><strong>pubblice</strong></span> <span class='ocrx_word' id='word_1_6' title='bbox 444 708 619 799; x_wconf 78' lang='lat' dir='ltr'><strong>loquimini.</strong></span> <span class='ocrx_word' id='word_1_7' title='bbox 658 705 754 795; x_wconf 85' lang='lat' dir='ltr'><strong>Quod</strong></span> <span class='ocrx_word' id='word_1_8' title='bbox 784 724 843 779; x_wconf 87' lang='lat' dir='ltr'><strong>vus</strong></span> <span class='ocrx_word' id='word_1_9' title='bbox 960 705 1114 796; x_wconf 79' lang='lat' dir='ltr'><strong>Fusoquo</strong></span> <span class='ocrx_word' id='word_1_10' title='bbox 1135 706 1209 775; x_wconf 82' lang='lat' dir='ltr'><strong>v’mit</strong></span> <span class='ocrx_word' id='word_1_11' title='bbox 1229 707 1394 796; x_wconf 78' lang='lat' dir='ltr'><strong>sanguine·</strong></span> <span class='ocrx_word' id='word_1_12' title='bbox 1427 776 1433 784; x_wconf 77' lang='grc'><em>,</em></span> 
     </span>
     <span class='ocr_line' id='line_1_3' title="bbox 253 795 1351 898; baseline -0.005 -28"><span class='ocrx_word' id='word_1_13' title='bbox 253 800 377 870; x_wconf 87' lang='lat' dir='ltr'><strong>erudivi</strong></span> <span class='ocrx_word' id='word_1_14' title='bbox 394 799 592 898; x_wconf 46' lang='lat' dir='ltr'><strong>injuperuulo</strong></span> <span class='ocrx_word' id='word_1_15' title='bbox 610 799 734 885; x_wconf 50' lang='lat' dir='ltr'><strong>*iudces</strong></span> <span class='ocrx_word' id='word_1_16' title='bbox 754 795 844 884; x_wconf 84' lang='lat' dir='ltr'><strong>loco,</strong></span> <span class='ocrx_word' id='word_1_17' title='bbox 889 798 1030 889; x_wconf 72' lang='lat' dir='ltr'><strong>Magnus.</strong></span> <span class='ocrx_word' id='word_1_18' title='bbox 1045 798 1191 893; x_wconf 83' lang='lat' dir='ltr'><strong>superno</strong></span> <span class='ocrx_word' id='word_1_19' title='bbox 1217 799 1351 893; x_wconf 83' lang='lat' dir='ltr'><strong>Principi</strong></span> 
     </span>
     <span class='ocr_line' id='line_1_4' title="bbox 253 892 1359 978; baseline 0 -17"><span class='ocrx_word' id='word_1_20' title='bbox 253 894 287 961; x_wconf 87' lang='lat' dir='ltr'><strong>in</strong></span> <span class='ocrx_word' id='word_1_21' title='bbox 310 892 469 964; x_wconf 81' lang='lat' dir='ltr'><strong>universis</strong></span> <span class='ocrx_word' id='word_1_22' title='bbox 490 894 640 978; x_wconf 61' lang='lat' dir='ltr'><strong>urbinus</strong></span> <span class='ocrx_word' id='word_1_23' title='bbox 656 905 689 964; x_wconf 90' lang='lat' dir='ltr'><strong>et</strong></span> <span class='ocrx_word' id='word_1_24' title='bbox 712 892 746 963; x_wconf 90' lang='lat' dir='ltr'><strong>in</strong></span> <span class='ocrx_word' id='word_1_25' title='bbox 774 902 842 963; x_wconf 89' lang='lat' dir='ltr'><strong>toto</strong></span> <span class='ocrx_word' id='word_1_26' title='bbox 960 892 1111 963; x_wconf 81' lang='lat' dir='ltr'><strong>Fideliter</strong></span> <span class='ocrx_word' id='word_1_27' title='bbox 1133 893 1211 962; x_wconf 88' lang='lat' dir='ltr'><strong>dum</strong></span> <span class='ocrx_word' id='word_1_28' title='bbox 1234 892 1359 977; x_wconf 81' lang='lat' dir='ltr'><strong>militet,</strong></span> 
     </span>
     <span class='ocr_line' id='line_1_5' title="bbox 253 986 1333 1059; baseline -0.001 -5"><span class='ocrx_word' id='word_1_29' title='bbox 253 988 374 1057; x_wconf 89' lang='lat' dir='ltr'><strong>mundo</strong></span> <span class='ocrx_word' id='word_1_30' title='bbox 398 988 550 1058; x_wconf 75' lang='lat' dir='ltr'>audacter</span> <span class='ocrx_word' id='word_1_31' title='bbox 573 988 677 1059; x_wconf 88' lang='lat' dir='ltr'><strong>dicite.</strong></span> <span class='ocrx_word' id='word_1_32' title='bbox 955 986 1070 1055; x_wconf 78' lang='lat' dir='ltr'><strong>Hostes</strong></span> <span class='ocrx_word' id='word_1_33' title='bbox 1093 988 1200 1057; x_wconf 87' lang='lat' dir='ltr'><strong>ierunt</strong></span> <span class='ocrx_word' id='word_1_34' title='bbox 1223 986 1333 1054; x_wconf 86' lang='lat' dir='ltr'><strong>obuii.</strong></span> 
     </span>
     <span class='ocr_line' id='line_1_6' title="bbox 284 1078 1435 1174; baseline -0.003 -23"><span class='ocrx_word' id='word_1_35' title='bbox 284 1087 330 1151; x_wconf 71' lang='lat' dir='ltr'><strong>i.</strong></span> <span class='ocrx_word' id='word_1_36' title='bbox 353 1081 585 1151; x_wconf 73' lang='lat' dir='ltr'><strong>Candidiiaoti</strong></span> <span class='ocrx_word' id='word_1_37' title='bbox 609 1093 694 1164; x_wconf 87' lang='lat' dir='ltr'><strong>sunt,</strong></span> <span class='ocrx_word' id='word_1_38' title='bbox 723 1091 782 1150; x_wconf 84' lang='lat' dir='ltr'><strong>etc.</strong></span> <span class='ocrx_word' id='word_1_39' title='bbox 794 1081 847 1173; x_wconf 82' lang='lat' dir='ltr'><strong>pol</strong></span> <span class='ocrx_word' id='word_1_40' title='bbox 964 1078 1007 1149; x_wconf 86' lang='lat' dir='ltr'><strong>Ut</strong></span> <span class='ocrx_word' id='word_1_41' title='bbox 1028 1090 1199 1174; x_wconf 75' lang='lat' dir='ltr'><strong>martyrem</strong></span> <span class='ocrx_word' id='word_1_42' title='bbox 1222 1078 1435 1151; x_wconf 66' lang='lat' dir='ltr'><strong>conciderent</strong></span> 
     </span>
     <span class='ocr_line' id='line_1_7' title="bbox 251 1170 1346 1272; baseline 0 -31"><span class='ocrx_word' id='word_1_43' title='bbox 251 1170 312 1241; x_wconf 77' lang='lat' dir='ltr'><strong>nic</strong></span> <span class='ocrx_word' id='word_1_44' title='bbox 336 1184 392 1243; x_wconf 88' lang='lat' dir='ltr'><strong>est.</strong></span> <span class='ocrx_word' id='word_1_45' title='bbox 894 1170 1031 1241; x_wconf 80' lang='lat' dir='ltr'>Crudele</span> <span class='ocrx_word' id='word_1_46' title='bbox 1053 1174 1171 1242; x_wconf 89' lang='lat' dir='ltr'><strong>vuinus</strong></span> <span class='ocrx_word' id='word_1_47' title='bbox 1194 1175 1318 1272; x_wconf 54' lang='lat' dir='ltr'><strong>excipit⁸</strong></span> <span class='ocrx_word' id='word_1_48' title='bbox 1344 1217 1346 1222; x_wconf 93' lang='lat'>-</span> 
     </span>
    </p>

    <p class='ocr_par' dir='ltr' id='par_1_2' title="bbox 251 1266 1470 1641">
     <span class='ocr_line' id='line_1_8' title="bbox 367 1266 1412 1350; baseline -0.001 -14"><span class='ocrx_word' id='word_1_49' title='bbox 367 1290 370 1297; x_wconf 77' lang='grc'><strong>’</strong></span> <span class='ocrx_word' id='word_1_50' title='bbox 447 1271 545 1339; x_wconf 73' lang='lat' dir='ltr'><strong>:drot</strong></span> <span class='ocrx_word' id='word_1_51' title='bbox 569 1290 610 1338; x_wconf 83' lang='lat' dir='ltr'><strong>ur.</strong></span> <span class='ocrx_word' id='word_1_52' title='bbox 964 1266 1095 1336; x_wconf 87' lang='lat' dir='ltr'><strong>Cervice</strong></span> <span class='ocrx_word' id='word_1_53' title='bbox 1118 1269 1189 1335; x_wconf 86' lang='lat' dir='ltr'><strong>Dux</strong></span> <span class='ocrx_word' id='word_1_54' title='bbox 1214 1266 1412 1350; x_wconf 77' lang='lat' dir='ltr'><strong>fortissimus,</strong></span> 
     </span>
     <span class='ocr_line' id='line_1_9' title="bbox 252 1312 1431 1454; baseline -0.002 -23"><span class='ocrx_word' id='word_1_55' title='bbox 252 1312 523 1431; x_wconf 76' lang='lat' dir='ltr'><strong>Nolitetimere</strong></span> <span class='ocrx_word' id='word_1_56' title='bbox 549 1384 606 1432; x_wconf 89' lang='lat' dir='ltr'><strong>eos</strong></span> <span class='ocrx_word' id='word_1_57' title='bbox 622 1362 678 1453; x_wconf 87' lang='lat' dir='ltr'><strong>qui</strong></span> <span class='ocrx_word' id='word_1_58' title='bbox 694 1358 848 1429; x_wconf 90' lang='lat' dir='ltr'><strong>occidunt</strong></span> <span class='ocrx_word' id='word_1_59' title='bbox 963 1360 1137 1451; x_wconf 86' lang='lat' dir='ltr'><strong>Postquam</strong></span> <span class='ocrx_word' id='word_1_60' title='bbox 1159 1363 1229 1454; x_wconf 86' lang='lat' dir='ltr'><strong>pias</strong></span> <span class='ocrx_word' id='word_1_61' title='bbox 1253 1361 1431 1431; x_wconf 86' lang='lat' dir='ltr'><strong>celsissimo</strong></span> 
     </span>
     <span class='ocr_line' id='line_1_10' title="bbox 251 1453 1470 1546; baseline 0.004 -26"><span class='ocrx_word' id='word_1_62' title='bbox 251 1472 379 1546; x_wconf 89' lang='lat' dir='ltr'><strong>corpus,</strong></span> <span class='ocrx_word' id='word_1_63' title='bbox 404 1458 541 1523; x_wconf 81' lang='lat' dir='ltr'><strong>enimam</strong></span> <span class='ocrx_word' id='word_1_64' title='bbox 565 1467 671 1524; x_wconf 87' lang='lat' dir='ltr'><strong>autem</strong></span> <span class='ocrx_word' id='word_1_65' title='bbox 689 1474 754 1521; x_wconf 89' lang='lat' dir='ltr'><strong>non</strong></span> <span class='ocrx_word' id='word_1_66' title='bbox 770 1472 844 1544; x_wconf 91' lang='lat' dir='ltr'><strong>pos·</strong></span> <span class='ocrx_word' id='word_1_67' title='bbox 911 1503 917 1510; x_wconf 85' lang='lat'>.</span> <span class='ocrx_word' id='word_1_68' title='bbox 962 1453 1150 1525; x_wconf 84' lang='lat' dir='ltr'><strong>Proluderat</strong></span> <span class='ocrx_word' id='word_1_69' title='bbox 1171 1474 1283 1546; x_wconf 87' lang='lat' dir='ltr'><strong>preces</strong></span> <span class='ocrx_word' id='word_1_70' title='bbox 1306 1456 1382 1524; x_wconf 84' lang='lat' dir='ltr'><strong>Dec.</strong></span> <span class='ocrx_word' id='word_1_71' title='bbox 1466 1467 1470 1475; x_wconf 89' lang='grc'><strong>’</strong></span> 
     </span>
     <span class='ocr_line' id='line_1_11' title="bbox 253 1543 1263 1641; baseline 0.003 -27"><span class='ocrx_word' id='word_1_72' title='bbox 253 1559 329 1615; x_wconf 87' lang='lat' dir='ltr'><strong>sunt</strong></span> <span class='ocrx_word' id='word_1_73' title='bbox 352 1548 509 1630; x_wconf 69' lang='lat' dir='ltr'><strong>occidere</strong></span> <span class='ocrx_word' id='word_1_74' title='bbox 534 1549 565 1617; x_wconf 93' lang='lat' dir='ltr'><strong>Si</strong></span> <span class='ocrx_word' id='word_1_75' title='bbox 583 1550 639 1641; x_wconf 86' lang='lat' dir='ltr'><strong>qui</strong></span> <span class='ocrx_word' id='word_1_76' title='bbox 655 1564 773 1639; x_wconf 87' lang='lat' dir='ltr'><strong>corpus</strong></span> <span class='ocrx_word' id='word_1_77' title='bbox 788 1564 844 1613; x_wconf 88' lang='lat' dir='ltr'><strong>oo·</strong></span> <span class='ocrx_word' id='word_1_78' title='bbox 892 1543 959 1611; x_wconf 90' lang='lat' dir='ltr'><strong>Suo</strong></span> <span class='ocrx_word' id='word_1_79' title='bbox 983 1550 1121 1615; x_wconf 89' lang='lat' dir='ltr'><strong>recisum</strong></span> <span class='ocrx_word' id='word_1_80' title='bbox 1145 1549 1263 1617; x_wconf 82' lang='lat' dir='ltr'><strong>vertice</strong></span> 
     </span>
    </p>
   </div>
   <div class='ocr_carea' id='block_1_2' title="bbox 143 1638 1447 1734">
    <p class='ocr_par' dir='ltr' id='par_1_3' title="bbox 143 1638 1447 1734">
     <span class='ocr_line' id='line_1_12' title="bbox 143 1638 1447 1734; baseline 0.005 -29"><span class='ocrx_word' id='word_1_81' title='bbox 143 1682 144 1685; x_wconf 56' lang='lat'><em>=</em></span> <span class='ocrx_word' id='word_1_82' title='bbox 250 1640 371 1723; x_wconf 90' lang='lat' dir='ltr'><strong>cidnnt,</strong></span> <span class='ocrx_word' id='word_1_83' title='bbox 396 1643 608 1710; x_wconf 86' lang='lat' dir='ltr'><strong>enimemnon</strong></span> <span class='ocrx_word' id='word_1_84' title='bbox 625 1651 760 1733; x_wconf 87' lang='lat' dir='ltr'><strong>possunt</strong></span> <span class='ocrx_word' id='word_1_85' title='bbox 787 1659 842 1707; x_wconf 90' lang='lat' dir='ltr'><strong>oc-</strong></span> <span class='ocrx_word' id='word_1_86' title='bbox 957 1638 1110 1730; x_wconf 82' lang='lat' dir='ltr'><strong>Exengue</strong></span> <span class='ocrx_word' id='word_1_87' title='bbox 1132 1661 1252 1734; x_wconf 88' lang='lat' dir='ltr'><strong>corpus</strong></span> <span class='ocrx_word' id='word_1_88' title='bbox 1273 1640 1447 1722; x_wconf 69' lang='lat' dir='ltr'><strong>concidit„</strong></span> 
     </span>
    </p>
   </div>
   <div class='ocr_carea' id='block_1_3' title="bbox 250 1732 1454 2014">
    <p class='ocr_par' dir='ltr' id='par_1_4' title="bbox 250 1732 1454 2014">
     <span class='ocr_line' id='line_1_13' title="bbox 250 1732 1448 1829; baseline 0.005 -32"><span class='ocrx_word' id='word_1_89' title='bbox 250 1733 366 1803; x_wconf 83' lang='lat' dir='ltr'><strong>cidere:</strong></span> <span class='ocrx_word' id='word_1_90' title='bbox 387 1756 466 1823; x_wconf 83' lang='lat' dir='ltr'><strong>ergo</strong></span> <span class='ocrx_word' id='word_1_91' title='bbox 489 1736 593 1803; x_wconf 82' lang='lat' dir='ltr'><strong>animo</strong></span> <span class='ocrx_word' id='word_1_92' title='bbox 615 1734 794 1814; x_wconf 86' lang='lat' dir='ltr'><strong>invisibilis,</strong></span> <span class='ocrx_word' id='word_1_93' title='bbox 811 1743 844 1801; x_wconf 88' lang='lat' dir='ltr'><strong>et</strong></span> <span class='ocrx_word' id='word_1_94' title='bbox 959 1732 1022 1800; x_wconf 84' lang='lat' dir='ltr'><strong>Sed</strong></span> <span class='ocrx_word' id='word_1_95' title='bbox 1046 1734 1132 1803; x_wconf 84' lang='lat' dir='ltr'><strong>clera</strong></span> <span class='ocrx_word' id='word_1_96' title='bbox 1155 1756 1245 1805; x_wconf 88' lang='lat' dir='ltr'><strong>mens</strong></span> <span class='ocrx_word' id='word_1_97' title='bbox 1267 1734 1308 1803; x_wconf 87' lang='lat' dir='ltr'><strong>ad</strong></span> <span class='ocrx_word' id='word_1_98' title='bbox 1331 1734 1448 1829; x_wconf 80' lang='lat' dir='ltr'><strong>sydera</strong></span> 
     </span>
     <span class='ocr_line' id='line_1_14' title="bbox 251 1824 1454 1920; baseline 0.003 -29"><span class='ocrx_word' id='word_1_99' title='bbox 251 1826 460 1920; x_wconf 82' lang='lat' dir='ltr'><strong>incorporalis</strong></span> <span class='ocrx_word' id='word_1_100' title='bbox 483 1840 540 1911; x_wconf 90' lang='lat' dir='ltr'><strong>est;</strong></span> <span class='ocrx_word' id='word_1_101' title='bbox 564 1828 742 1899; x_wconf 83' lang='lat' dir='ltr'><strong>secundum</strong></span> <span class='ocrx_word' id='word_1_102' title='bbox 759 1846 865 1904; x_wconf 59' lang='lat' dir='ltr'><strong>cras,</strong></span> <span class='ocrx_word' id='word_1_103' title='bbox 962 1824 1056 1893; x_wconf 83' lang='lat' dir='ltr'><strong>Beate</strong></span> <span class='ocrx_word' id='word_1_104' title='bbox 1073 1828 1142 1917; x_wconf 79' lang='lat' dir='ltr'><strong>jam</strong></span> <span class='ocrx_word' id='word_1_105' title='bbox 1165 1838 1360 1919; x_wconf 84' lang='lat' dir='ltr'><strong>pervenerat</strong></span> <span class='ocrx_word' id='word_1_106' title='bbox 1450 1853 1454 1861; x_wconf 59' lang='lat'>¹</span> 
     </span>
     <span class='ocr_line' id='line_1_15' title="bbox 251 1912 1330 2014; baseline 0.004 -29"><span class='ocrx_word' id='word_1_107' title='bbox 251 1921 366 1989; x_wconf 86' lang='lat' dir='ltr'><strong>siorern</strong></span> <span class='ocrx_word' id='word_1_108' title='bbox 391 1912 464 1991; x_wconf 81' lang='lat' dir='ltr'><strong>diod</strong></span> <span class='ocrx_word' id='word_1_109' title='bbox 490 1924 588 1991; x_wconf 78' lang='lat' dir='ltr'><strong>nostri</strong></span> <span class='ocrx_word' id='word_1_110' title='bbox 605 1924 748 2014; x_wconf 87' lang='lat' dir='ltr'><strong>corporis</strong></span> <span class='ocrx_word' id='word_1_111' title='bbox 763 1918 842 1987; x_wconf 82' lang='lat' dir='ltr'><strong>sub·</strong></span> <span class='ocrx_word' id='word_1_112' title='bbox 888 1914 972 1982; x_wconf 81' lang='lat' dir='ltr'><strong>ilinc</strong></span> <span class='ocrx_word' id='word_1_113' title='bbox 994 1918 1106 2009; x_wconf 68' lang='lat' dir='ltr'><strong>blegne</strong></span> <span class='ocrx_word' id='word_1_114' title='bbox 1129 1921 1330 1993; x_wconf 72' lang='lat' dir='ltr'><strong>nenoieime</strong></span> 
     </span>
    </p>
   </div>
   <div class='ocr_carea' id='block_1_4' title="bbox 143 2010 1411 2107">
    <p class='ocr_par' dir='ltr' id='par_1_5' title="bbox 143 2010 1411 2107">
     <span class='ocr_line' id='line_1_16' title="bbox 143 2010 1411 2107; baseline 0.002 -28"><span class='ocrx_word' id='word_1_115' title='bbox 143 2026 147 2045; x_wconf 61' lang='lat'><strong>⁴·</strong></span> <span class='ocrx_word' id='word_1_116' title='bbox 253 2014 410 2094; x_wconf 79' lang='lat' dir='ltr'><strong>stantiam,</strong></span> <span class='ocrx_word' id='word_1_117' title='bbox 435 2016 485 2083; x_wconf 82' lang='lat' dir='ltr'><strong>uel</strong></span> <span class='ocrx_word' id='word_1_118' title='bbox 508 2037 549 2084; x_wconf 91' lang='lat' dir='ltr'><strong>eo</strong></span> <span class='ocrx_word' id='word_1_119' title='bbox 578 2027 663 2084; x_wconf 85' lang='lat' dir='ltr'><strong>certe</strong></span> <span class='ocrx_word' id='word_1_120' title='bbox 701 2024 844 2105; x_wconf 88' lang='lat' dir='ltr'><strong>tempore</strong></span> <span class='ocrx_word' id='word_1_121' title='bbox 961 2010 1048 2081; x_wconf 78' lang='lat' dir='ltr'><strong>vitae</strong></span> <span class='ocrx_word' id='word_1_122' title='bbox 1070 2017 1219 2104; x_wconf 86' lang='lat' dir='ltr'><strong>perennis</strong></span> <span class='ocrx_word' id='word_1_123' title='bbox 1243 2016 1411 2107; x_wconf 78' lang='lat' dir='ltr'><strong>particeps,</strong></span> 
     </span>
    </p>
   </div>
   <div class='ocr_carea' id='block_1_5' title="bbox 156 2104 1551 4354">
    <p class='ocr_par' dir='ltr' id='par_1_6' title="bbox 156 2104 1551 4354">
     <span class='ocr_line' id='line_1_17' title="bbox 250 2104 1461 2201; baseline 0.007 -28"><span class='ocrx_word' id='word_1_124' title='bbox 250 2106 427 2196; x_wconf 71' lang='lat' dir='ltr'><strong>punietun·</strong></span> <span class='ocrx_word' id='word_1_125' title='bbox 448 2118 480 2175; x_wconf 87' lang='lat' dir='ltr'><strong>et</strong></span> <span class='ocrx_word' id='word_1_126' title='bbox 505 2110 671 2199; x_wconf 81' lang='lat' dir='ltr'><strong>supplicia</strong></span> <span class='ocrx_word' id='word_1_127' title='bbox 719 2107 840 2189; x_wconf 79' lang='lat' dir='ltr'><strong>sentiet,</strong></span> <span class='ocrx_word' id='word_1_128' title='bbox 956 2104 1077 2175; x_wconf 82' lang='lat' dir='ltr'><strong>Praebe</strong></span> <span class='ocrx_word' id='word_1_129' title='bbox 1102 2109 1272 2176; x_wconf 85' lang='lat' dir='ltr'><strong>Patruoum</strong></span> <span class='ocrx_word' id='word_1_130' title='bbox 1295 2118 1328 2177; x_wconf 90' lang='lat' dir='ltr'><strong>te</strong></span> <span class='ocrx_word' id='word_1_131' title='bbox 1349 2110 1461 2201; x_wconf 81' lang='lat' dir='ltr'><strong>pium.</strong></span> 
     </span>
     <span class='ocr_line' id='line_1_18' title="bbox 250 2196 1348 2293; baseline 0.005 -29"><span class='ocrx_word' id='word_1_132' title='bbox 250 2198 384 2287; x_wconf 79' lang='lat' dir='ltr'><strong>quando</strong></span> <span class='ocrx_word' id='word_1_133' title='bbox 398 2201 566 2291; x_wconf 83' lang='lat' dir='ltr'><strong>pristinum</strong></span> <span class='ocrx_word' id='word_1_134' title='bbox 582 2220 702 2293; x_wconf 89' lang='lat' dir='ltr'><strong>corpus</strong></span> <span class='ocrx_word' id='word_1_135' title='bbox 717 2221 845 2292; x_wconf 50' lang='lat' dir='ltr'><strong>recepe-¹</strong></span> <span class='ocrx_word' id='word_1_136' title='bbox 961 2196 1061 2267; x_wconf 85' lang='lat' dir='ltr'><strong>Nobis</strong></span> <span class='ocrx_word' id='word_1_137' title='bbox 1084 2201 1146 2269; x_wconf 90' lang='lat' dir='ltr'><strong>tuis</strong></span> <span class='ocrx_word' id='word_1_138' title='bbox 1169 2200 1348 2274; x_wconf 80' lang='lat' dir='ltr'><strong>clientibus</strong></span> 
     </span>
     <span class='ocr_line' id='line_1_19' title="bbox 251 2288 1371 2385; baseline 0.004 -27"><span class='ocrx_word' id='word_1_139' title='bbox 251 2295 303 2373; x_wconf 85' lang='lat' dir='ltr'><strong>rit;</strong></span> <span class='ocrx_word' id='word_1_140' title='bbox 327 2302 365 2359; x_wconf 91' lang='lat' dir='ltr'><strong>ot</strong></span> <span class='ocrx_word' id='word_1_141' title='bbox 387 2312 461 2361; x_wconf 85' lang='lat' dir='ltr'><strong>curn</strong></span> <span class='ocrx_word' id='word_1_142' title='bbox 486 2316 553 2385; x_wconf 90' lang='lat' dir='ltr'><strong>quo</strong></span> <span class='ocrx_word' id='word_1_143' title='bbox 575 2297 729 2385; x_wconf 83' lang='lat' dir='ltr'><strong>peccavit,</strong></span> <span class='ocrx_word' id='word_1_144' title='bbox 763 2315 839 2363; x_wconf 87' lang='lat' dir='ltr'><strong>cum</strong></span> <span class='ocrx_word' id='word_1_145' title='bbox 885 2288 955 2358; x_wconf 85' lang='lat' dir='ltr'><strong>Deo</strong></span> <span class='ocrx_word' id='word_1_146' title='bbox 977 2292 1061 2360; x_wconf 79' lang='lat' dir='ltr'><strong>Petri</strong></span> <span class='ocrx_word' id='word_1_147' title='bbox 1084 2294 1125 2362; x_wconf 87' lang='lat' dir='ltr'><strong>sit</strong></span> <span class='ocrx_word' id='word_1_148' title='bbox 1146 2295 1329 2384; x_wconf 79' lang='lat' dir='ltr'><strong>glorieeto.</strong></span> <span class='ocrx_word' id='word_1_149' title='bbox 1368 2346 1371 2354; x_wconf 86' lang='lat'>.</span> 
     </span>
     <span class='ocr_line' id='line_1_20' title="bbox 252 2386 1301 2479; baseline 0.007 -29"><span class='ocrx_word' id='word_1_150' title='bbox 252 2386 381 2478; x_wconf 80' lang='lat' dir='ltr'><strong>ipso&#39;ct</strong></span> <span class='ocrx_word' id='word_1_151' title='bbox 417 2389 578 2479; x_wconf 83' lang='lat' dir='ltr'><strong>punietur.</strong></span> <span class='ocrx_word' id='word_1_152' title='bbox 617 2388 699 2456; x_wconf 86' lang='lat' dir='ltr'><strong>Eum</strong></span> <span class='ocrx_word' id='word_1_153' title='bbox 739 2386 845 2455; x_wconf 87' lang='lat' dir='ltr'><strong>timeto</strong></span> <span class='ocrx_word' id='word_1_154' title='bbox 1160 2429 1203 2444; x_wconf 93' lang='grc'>-</span> <span class='ocrx_word' id='word_1_155' title='bbox 1294 2437 1301 2446; x_wconf 81' lang='lat'>-</span> 
     </span>
     <span class='ocr_line' id='line_1_21' title="bbox 256 2480 1260 2575; baseline 0.002 -28"><span class='ocrx_word' id='word_1_156' title='bbox 256 2480 312 2569; x_wconf 88' lang='lat' dir='ltr'><strong>qui</strong></span> <span class='ocrx_word' id='word_1_157' title='bbox 335 2490 442 2572; x_wconf 84' lang='lat' dir='ltr'><strong>potest</strong></span> <span class='ocrx_word' id='word_1_158' title='bbox 464 2502 601 2575; x_wconf 77' lang='lat' dir='ltr'><strong>corpus,</strong></span> <span class='ocrx_word' id='word_1_159' title='bbox 642 2495 675 2551; x_wconf 91' lang='lat' dir='ltr'><strong>et</strong></span> <span class='ocrx_word' id='word_1_160' title='bbox 703 2482 847 2548; x_wconf 17' lang='lat' dir='ltr'><strong>*animam</strong></span> <span class='ocrx_word' id='word_1_161' title='bbox 991 2506 1010 2537; x_wconf 83' lang='lat'><strong>··</strong></span> <span class='ocrx_word' id='word_1_162' title='bbox 1113 2482 1260 2549; x_wconf 69' lang='lat' dir='ltr'><strong>nisse.</strong></span> 
     </span>
     <span class='ocr_line' id='line_1_22' title="bbox 252 2572 1445 2665; baseline -0.001 -26"><span class='ocrx_word' id='word_1_163' title='bbox 252 2572 388 2664; x_wconf 86' lang='lat' dir='ltr'><strong>perdere</strong></span> <span class='ocrx_word' id='word_1_164' title='bbox 423 2578 456 2642; x_wconf 88' lang='lat' dir='ltr'><strong>in</strong></span> <span class='ocrx_word' id='word_1_165' title='bbox 497 2576 706 2665; x_wconf 83' lang='lat' dir='ltr'><strong>gehennam.·.</strong></span> <span class='ocrx_word' id='word_1_166' title='bbox 722 2574 846 2642; x_wconf 88' lang='lat' dir='ltr'><strong>Numen</strong></span> <span class='ocrx_word' id='word_1_167' title='bbox 930 2573 1130 2641; x_wconf 69' lang='lat' dir='ltr'><strong>Arrenius.</strong></span> <span class='ocrx_word' id='word_1_168' title='bbox 1149 2574 1265 2640; x_wconf 78' lang='lat' dir='ltr'><strong>lrrrrrs.</strong></span> <span class='ocrx_word' id='word_1_169' title='bbox 1287 2576 1321 2641; x_wconf 87' lang='lat' dir='ltr'><strong>B.</strong></span> <span class='ocrx_word' id='word_1_170' title='bbox 1344 2574 1386 2641; x_wconf 82' lang='lat' dir='ltr'><strong>ll·</strong></span> <span class='ocrx_word' id='word_1_171' title='bbox 1409 2572 1445 2640; x_wconf 70' lang='lat' dir='ltr'><strong>V.</strong></span> 
     </span>
     <span class='ocr_line' id='line_1_23' title="bbox 245 2665 1348 2753; baseline 0.001 -20"><span class='ocrx_word' id='word_1_172' title='bbox 245 2665 416 2753; x_wconf 75' lang='lat' dir='ltr'><strong>gehennae</strong></span> <span class='ocrx_word' id='word_1_173' title='bbox 441 2669 472 2735; x_wconf 88' lang='lat' dir='ltr'><strong>in</strong></span> <span class='ocrx_word' id='word_1_174' title='bbox 493 2670 657 2739; x_wconf 79' lang='lat' dir='ltr'><strong>ueteribus</strong></span> <span class='ocrx_word' id='word_1_175' title='bbox 674 2666 764 2735; x_wconf 83' lang='lat' dir='ltr'><strong>libris</strong></span> <span class='ocrx_word' id='word_1_176' title='bbox 782 2690 847 2737; x_wconf 89' lang='lat' dir='ltr'><strong>non</strong></span> <span class='ocrx_word' id='word_1_177' title='bbox 940 2722 944 2727; x_wconf 84' lang='lat'><em>.</em></span> <span class='ocrx_word' id='word_1_178' title='bbox 1025 2687 1066 2735; x_wconf 85' lang='lat' dir='ltr'><strong>on</strong></span> <span class='ocrx_word' id='word_1_179' title='bbox 1090 2668 1178 2734; x_wconf 79' lang='lat' dir='ltr'><strong>Bono</strong></span> <span class='ocrx_word' id='word_1_180' title='bbox 1201 2667 1348 2734; x_wconf 83' lang='lat' dir='ltr'><strong>Consum</strong></span> 
     </span>
     <span class='ocr_line' id='line_1_24' title="bbox 251 2760 1283 2853; baseline 0.005 -32"><span class='ocrx_word' id='word_1_181' title='bbox 251 2760 428 2841; x_wconf 85' lang='lat' dir='ltr'><strong>invenitur,</strong></span> <span class='ocrx_word' id='word_1_182' title='bbox 456 2762 512 2830; x_wconf 81' lang='lat' dir='ltr'><strong>sed</strong></span> <span class='ocrx_word' id='word_1_183' title='bbox 545 2764 687 2853; x_wconf 82' lang='lat' dir='ltr'><strong>primum</strong></span> <span class='ocrx_word' id='word_1_184' title='bbox 703 2782 723 2828; x_wconf 88' lang='lat' dir='ltr'><strong>e</strong></span> <span class='ocrx_word' id='word_1_185' title='bbox 738 2760 846 2828; x_wconf 82' lang='lat' dir='ltr'><strong>Salva·</strong></span> <span class='ocrx_word' id='word_1_186' title='bbox 1089 2761 1182 2849; x_wconf 84' lang='lat' dir='ltr'><strong>Dupl.</strong></span> <span class='ocrx_word' id='word_1_187' title='bbox 1205 2761 1283 2850; x_wconf 75' lang='lat' dir='ltr'><strong>Moj.</strong></span> 
     </span>
     <span class='ocr_line' id='line_1_25' title="bbox 242 2849 1481 2945; baseline 0.002 -28"><span class='ocrx_word' id='word_1_188' title='bbox 242 2854 486 2943; x_wconf 79' lang='lat' dir='ltr'><strong>tore-ponitur.</strong></span> <span class='ocrx_word' id='word_1_189' title='bbox 511 2857 632 2921; x_wconf 80' lang='lat' dir='ltr'><strong>Futura</strong></span> <span class='ocrx_word' id='word_1_190' title='bbox 654 2873 731 2941; x_wconf 82' lang='lat' dir='ltr'><strong>ergo</strong></span> <span class='ocrx_word' id='word_1_191' title='bbox 768 2875 846 2944; x_wconf 89' lang='lat' dir='ltr'><strong>sup·</strong></span> <span class='ocrx_word' id='word_1_192' title='bbox 925 2850 1061 2921; x_wconf 73' lang='lat' dir='ltr'><strong>&#39;Orc-oio</strong></span> <span class='ocrx_word' id='word_1_193' title='bbox 1081 2865 1115 2921; x_wconf 83' lang='lat' dir='ltr'><strong>ut</strong></span> <span class='ocrx_word' id='word_1_194' title='bbox 1138 2852 1174 2941; x_wconf 81' lang='lat' dir='ltr'><strong>iu</strong></span> <span class='ocrx_word' id='word_1_195' title='bbox 1193 2856 1271 2945; x_wconf 77' lang='lat' dir='ltr'><strong>sesto</strong></span> <span class='ocrx_word' id='word_1_196' title='bbox 1287 2849 1331 2921; x_wconf 67' lang='lat' dir='ltr'><strong>S.</strong></span> <span class='ocrx_word' id='word_1_197' title='bbox 1354 2851 1481 2922; x_wconf 78' lang='lat' dir='ltr'><strong>Mariae</strong></span> 
     </span>
     <span class='ocr_line' id='line_1_26' title="bbox 244 2941 1394 3102; baseline 0.006 -95"><span class='ocrx_word' id='word_1_198' title='bbox 244 2942 348 3102; x_wconf 74' lang='lat' dir='ltr'><strong>¹plicia</strong></span> <span class='ocrx_word' id='word_1_199' title='bbox 373 2957 406 3013; x_wconf 87' lang='lat' dir='ltr'><strong>et</strong></span> <span class='ocrx_word' id='word_1_200' title='bbox 427 2966 549 3037; x_wconf 85' lang='lat' dir='ltr'><strong>poenae</strong></span> <span class='ocrx_word' id='word_1_201' title='bbox 572 2955 754 3039; x_wconf 82' lang='lat' dir='ltr'><strong>perpetuae,</strong></span> <span class='ocrx_word' id='word_1_202' title='bbox 774 2948 845 3037; x_wconf 89' lang='lat' dir='ltr'><strong>qui·</strong></span> <span class='ocrx_word' id='word_1_203' title='bbox 891 2941 935 3008; x_wconf 82' lang='lat' dir='ltr'><strong>ad</strong></span> <span class='ocrx_word' id='word_1_204' title='bbox 957 2945 1058 3017; x_wconf 79' lang='lat' dir='ltr'><strong>Nives</strong></span> <span class='ocrx_word' id='word_1_205' title='bbox 1075 2946 1204 3037; x_wconf 74' lang='lat' dir='ltr'><strong>praeter</strong></span> <span class='ocrx_word' id='word_1_206' title='bbox 1226 2946 1394 3039; x_wconf 77' lang='lat' dir='ltr'><strong>sequeutia.</strong></span> 
     </span>
     <span class='ocr_line' id='line_1_27' title="bbox 276 3038 1305 3128; baseline 0.008 -25"><span class='ocrx_word' id='word_1_207' title='bbox 276 3058 316 3103; x_wconf 90' lang='lat' dir='ltr'><strong>os</strong></span> <span class='ocrx_word' id='word_1_208' title='bbox 338 3052 542 3128; x_wconf 82' lang='lat' dir='ltr'><strong>peccatores·</strong></span> <span class='ocrx_word' id='word_1_209' title='bbox 562 3038 726 3108; x_wconf 78' lang='lat' dir='ltr'><strong>cruciandi</strong></span> <span class='ocrx_word' id='word_1_210' title='bbox 766 3049 852 3121; x_wconf 86' lang='lat' dir='ltr'><strong>sunt,</strong></span> <span class='ocrx_word' id='word_1_211' title='bbox 1091 3083 1115 3099; x_wconf 54' lang='lat'><em>0</em></span> <span class='ocrx_word' id='word_1_212' title='bbox 1139 3040 1256 3111; x_wconf 71' lang='lat' dir='ltr'><strong>⁴Oratio</strong></span> <span class='ocrx_word' id='word_1_213' title='bbox 1302 3092 1305 3097; x_wconf 89' lang='lat'>-</span> 
     </span>
     <span class='ocr_line' id='line_1_28' title="bbox 251 3083 1482 3227; baseline 0.003 -32"><span class='ocrx_word' id='word_1_214' title='bbox 251 3128 348 3220; x_wconf 85' lang='lat' dir='ltr'><strong>liujus</strong></span> <span class='ocrx_word' id='word_1_215' title='bbox 372 3132 437 3201; x_wconf 79' lang='lat' dir='ltr'><strong>loci</strong></span> <span class='ocrx_word' id='word_1_216' title='bbox 466 3132 627 3202; x_wconf 81' lang='lat' dir='ltr'><strong>vocabulo</strong></span> <span class='ocrx_word' id='word_1_217' title='bbox 652 3132 852 3218; x_wconf 76' lang='lat' dir='ltr'><strong>denotentun</strong></span> <span class='ocrx_word' id='word_1_218' title='bbox 899 3083 1091 3214; x_wconf 75' lang='lat' dir='ltr'><strong>Bonorum</strong></span> <span class='ocrx_word' id='word_1_219' title='bbox 1103 3134 1482 3227; x_wconf 77' lang='lat' dir='ltr'><strong>omniumlsrgitorileus</strong></span> 
     </span>
     <span class='ocr_line' id='line_1_29' title="bbox 249 3222 1480 3317; baseline 0.004 -30"><span class='ocrx_word' id='word_1_220' title='bbox 249 3222 417 3315; x_wconf 84' lang='lat' dir='ltr'><strong>Duplicem</strong></span> <span class='ocrx_word' id='word_1_221' title='bbox 440 3238 554 3297; x_wconf 85' lang='lat' dir='ltr'><strong>entem-</strong></span> <span class='ocrx_word' id='word_1_222' title='bbox 570 3224 842 3317; x_wconf 81' lang='lat' dir='ltr'><strong>csscgeirennanr‚</strong></span> <span class='ocrx_word' id='word_1_223' title='bbox 891 3230 951 3317; x_wconf 87' lang='lat' dir='ltr'><strong>qui</strong></span> <span class='ocrx_word' id='word_1_224' title='bbox 973 3228 1144 3295; x_wconf 86' lang='lat' dir='ltr'><strong>Genitricis</strong></span> <span class='ocrx_word' id='word_1_225' title='bbox 1177 3227 1283 3296; x_wconf 85' lang='lat' dir='ltr'><strong>dilecti</strong></span> <span class='ocrx_word' id='word_1_226' title='bbox 1321 3227 1407 3295; x_wconf 75' lang='lat' dir='ltr'><strong>Filii</strong></span> <span class='ocrx_word' id='word_1_227' title='bbox 1431 3227 1480 3294; x_wconf 88' lang='lat' dir='ltr'><strong>tui</strong></span> 
     </span>
     <span class='ocr_line' id='line_1_30' title="bbox 168 3317 1480 3413; baseline 0.006 -33"><span class='ocrx_word' id='word_1_228' title='bbox 168 3386 171 3393; x_wconf 51' lang='grc'>,</span> <span class='ocrx_word' id='word_1_229' title='bbox 249 3317 335 3385; x_wconf 88' lang='lat' dir='ltr'><strong>nimii</strong></span> <span class='ocrx_word' id='word_1_230' title='bbox 360 3322 461 3409; x_wconf 63' lang='lat' dir='ltr'><strong>ignis·</strong></span> <span class='ocrx_word' id='word_1_231' title='bbox 483 3332 516 3390; x_wconf 85' lang='lat' dir='ltr'><strong>et</strong></span> <span class='ocrx_word' id='word_1_232' title='bbox 551 3321 679 3411; x_wconf 51' lang='lat' dir='ltr'><strong>‘frigoris</strong></span> <span class='ocrx_word' id='word_1_233' title='bbox 710 3323 748 3387; x_wconf 85' lang='lat' dir='ltr'><strong>in</strong></span> <span class='ocrx_word' id='word_1_234' title='bbox 777 3320 839 3389; x_wconf 85' lang='lat' dir='ltr'><strong>Job</strong></span> <span class='ocrx_word' id='word_1_235' title='bbox 886 3322 1065 3411; x_wconf 83' lang='lat' dir='ltr'><strong>speciosam</strong></span> <span class='ocrx_word' id='word_1_236' title='bbox 1081 3322 1256 3409; x_wconf 76' lang='lat' dir='ltr'><strong>Imaginem</strong></span> <span class='ocrx_word' id='word_1_237' title='bbox 1277 3323 1480 3413; x_wconf 75' lang='lat' dir='ltr'><strong>miradpps-</strong></span> 
     </span>
     <span class='ocr_line' id='line_1_31' title="bbox 250 3408 1479 3505; baseline 0.005 -30"><span class='ocrx_word' id='word_1_238' title='bbox 250 3408 432 3499; x_wconf 86' lang='lat' dir='ltr'><strong>plenissime</strong></span> <span class='ocrx_word' id='word_1_239' title='bbox 457 3415 662 3505; x_wconf 61' lang='lat' dir='ltr'><strong>ingemuero</strong></span> <span class='ocrx_word' id='word_1_240' title='bbox 687 3418 824 3485; x_wconf 77' lang='lat' dir='ltr'><strong>Demo..</strong></span> <span class='ocrx_word' id='word_1_241' title='bbox 889 3413 1006 3480; x_wconf 85' lang='lat' dir='ltr'><strong>ritionc</strong></span> <span class='ocrx_word' id='word_1_242' title='bbox 1035 3412 1212 3483; x_wconf 76' lang='lat' dir='ltr'><strong>clarificare</strong></span> <span class='ocrx_word' id='word_1_243' title='bbox 1241 3414 1378 3482; x_wconf 84' lang='lat' dir='ltr'><strong>uoluisti:</strong></span> <span class='ocrx_word' id='word_1_244' title='bbox 1401 3433 1479 3481; x_wconf 89' lang='lat' dir='ltr'><strong>con·</strong></span> 
     </span>
     <span class='ocr_line' id='line_1_32' title="bbox 425 3503 1478 3599; baseline 0.002 -25"><span class='ocrx_word' id='word_1_245' title='bbox 425 3509 481 3574; x_wconf 78' lang='lat' dir='ltr'><strong>AD</strong></span> <span class='ocrx_word' id='word_1_246' title='bbox 506 3510 666 3580; x_wconf 85' lang='lat' dir='ltr'><strong>LAUDES</strong></span> <span class='ocrx_word' id='word_1_247' title='bbox 750 3555 753 3562; x_wconf 87' lang='lat'>-</span> <span class='ocrx_word' id='word_1_248' title='bbox 887 3503 967 3575; x_wconf 84' lang='lat' dir='ltr'><strong>cede</strong></span> <span class='ocrx_word' id='word_1_249' title='bbox 1012 3529 1218 3598; x_wconf 81' lang='lat' dir='ltr'><strong>quaesumus,</strong></span> <span class='ocrx_word' id='word_1_250' title='bbox 1244 3519 1296 3578; x_wconf 90' lang='lat' dir='ltr'><strong>·ut</strong></span> <span class='ocrx_word' id='word_1_251' title='bbox 1330 3506 1478 3599; x_wconf 69' lang='lat' dir='ltr'><strong>ejusdcm</strong></span> 
     </span>
     <span class='ocr_line' id='line_1_33' title="bbox 351 3598 1478 3694; baseline -0.001 -26"><span class='ocrx_word' id='word_1_252' title='bbox 351 3642 355 3655; x_wconf 86' lang='lat'><strong>·</strong></span> <span class='ocrx_word' id='word_1_253' title='bbox 494 3601 637 3694; x_wconf 79' lang='lat' dir='ltr'><strong>Hymnus</strong></span> <span class='ocrx_word' id='word_1_254' title='bbox 709 3648 713 3655; x_wconf 63' lang='lat'><em>=</em></span> <span class='ocrx_word' id='word_1_255' title='bbox 891 3598 1005 3667; x_wconf 79' lang='lat' dir='ltr'><strong>lieetse</strong></span> <span class='ocrx_word' id='word_1_256' title='bbox 1030 3601 1145 3671; x_wconf 72' lang='lat' dir='ltr'><strong>ilerdae</strong></span> <span class='ocrx_word' id='word_1_257' title='bbox 1169 3603 1478 3693; x_wconf 34' lang='lat' dir='ltr'><strong>virginissioteroes·</strong></span> 
     </span>
     <span class='ocr_line' id='line_1_34' title="bbox 251 3640 1551 3788; baseline 0.002 -36"><span class='ocrx_word' id='word_1_258' title='bbox 251 3640 416 3759; x_wconf 73' lang='lat' dir='ltr'><strong>Laetare</strong></span> <span class='ocrx_word' id='word_1_259' title='bbox 427 3693 520 3783; x_wconf 79' lang='lat' dir='ltr'><strong>Regis</strong></span> <span class='ocrx_word' id='word_1_260' title='bbox 534 3696 673 3775; x_wconf 72' lang='lat' dir='ltr'><strong>maximi,</strong></span> <span class='ocrx_word' id='word_1_261' title='bbox 890 3692 982 3760; x_wconf 90' lang='lat' dir='ltr'><strong>sione</strong></span> <span class='ocrx_word' id='word_1_262' title='bbox 997 3694 1047 3762; x_wconf 78' lang='lat' dir='ltr'><strong>ed</strong></span> <span class='ocrx_word' id='word_1_263' title='bbox 1064 3694 1234 3765; x_wconf 88' lang='lat' dir='ltr'><strong>coelestem</strong></span> <span class='ocrx_word' id='word_1_264' title='bbox 1249 3697 1384 3788; x_wconf 83' lang='lat' dir='ltr'><strong>patriam</strong></span> <span class='ocrx_word' id='word_1_265' title='bbox 1407 3690 1477 3759; x_wconf 81' lang='lat' dir='ltr'><strong>leli·</strong></span> <span class='ocrx_word' id='word_1_266' title='bbox 1549 3729 1551 3734; x_wconf 93' lang='lat'>·</span> 
     </span>
     <span class='ocr_line' id='line_1_35' title="bbox 318 3782 1477 3879; baseline 0.003 -31"><span class='ocrx_word' id='word_1_267' title='bbox 318 3782 380 3877; x_wconf 84' lang='lat' dir='ltr'><strong>Qui</strong></span> <span class='ocrx_word' id='word_1_268' title='bbox 407 3795 536 3876; x_wconf 79' lang='lat' dir='ltr'><strong>torquet</strong></span> <span class='ocrx_word' id='word_1_269' title='bbox 557 3798 641 3879; x_wconf 84' lang='lat' dir='ltr'><strong>ostra</strong></span> <span class='ocrx_word' id='word_1_270' title='bbox 664 3786 795 3857; x_wconf 86' lang='lat' dir='ltr'><strong>nutibus</strong></span> <span class='ocrx_word' id='word_1_271' title='bbox 888 3784 966 3853; x_wconf 87' lang='lat' dir='ltr'><strong>citer</strong></span> <span class='ocrx_word' id='word_1_272' title='bbox 989 3788 1214 3879; x_wconf 82' lang='lat' dir='ltr'><strong>perducemur.</strong></span> <span class='ocrx_word' id='word_1_273' title='bbox 1245 3791 1305 3857; x_wconf 79' lang='lat' dir='ltr'><strong>Por</strong></span> <span class='ocrx_word' id='word_1_274' title='bbox 1327 3782 1477 3862; x_wconf 87' lang='lat' dir='ltr'><strong>eumdem</strong></span> 
     </span>
     <span class='ocr_line' id='line_1_36' title="bbox 319 3872 1463 3968; baseline 0.009 -25"><span class='ocrx_word' id='word_1_275' title='bbox 319 3872 609 3968; x_wconf 73' lang='lat' dir='ltr'><strong>Osponsa&#39;grnta</strong></span> <span class='ocrx_word' id='word_1_276' title='bbox 631 3876 775 3968; x_wconf 51' lang='lat' dir='ltr'><strong>ptssiilief</strong></span> <span class='ocrx_word' id='word_1_277' title='bbox 822 3900 826 3911; x_wconf 94' lang='lat'>·</span> <span class='ocrx_word' id='word_1_278' title='bbox 887 3877 1059 3951; x_wconf 82' lang='lat' dir='ltr'><strong>Dominum</strong></span> <span class='ocrx_word' id='word_1_279' title='bbox 1083 3892 1144 3951; x_wconf 79' lang='lat' dir='ltr'><strong>eto.</strong></span> <span class='ocrx_word' id='word_1_280' title='bbox 1459 3913 1463 3920; x_wconf 91' lang='lat'>·</span> 
     </span>
     <span class='ocr_line' id='line_1_37' title="bbox 318 3970 1343 4061; baseline 0.003 -25"><span class='ocrx_word' id='word_1_281' title='bbox 318 3970 450 4038; x_wconf 79' lang='lat' dir='ltr'><strong>Laetare</strong></span> <span class='ocrx_word' id='word_1_282' title='bbox 471 3973 722 4061; x_wconf 74' lang='lat' dir='ltr'><strong>gaudiis-novis.</strong></span> <span class='ocrx_word' id='word_1_283' title='bbox 936 4023 939 4031; x_wconf 77' lang='lat'><em>.</em></span> <span class='ocrx_word' id='word_1_284' title='bbox 1016 3977 1074 4041; x_wconf 79' lang='lat' dir='ltr'><strong>AB</strong></span> <span class='ocrx_word' id='word_1_285' title='bbox 1103 3974 1343 4043; x_wconf 72' lang='lat' dir='ltr'><strong>urrunnun</strong></span> 
     </span>
     <span class='ocr_line' id='line_1_38' title="bbox 156 4060 1397 4158; baseline 0 -23"><span class='ocrx_word' id='word_1_286' title='bbox 156 4116 163 4135; x_wconf 91' lang='lat'><strong>.</strong></span> <span class='ocrx_word' id='word_1_287' title='bbox 244 4062 296 4133; x_wconf 74' lang='lat' dir='ltr'><strong>ur</strong></span> <span class='ocrx_word' id='word_1_288' title='bbox 318 4060 461 4133; x_wconf 85' lang='lat' dir='ltr'><strong>laureato</strong></span> <span class='ocrx_word' id='word_1_289' title='bbox 485 4066 517 4132; x_wconf 85' lang='lat' dir='ltr'><strong>io</strong></span> <span class='ocrx_word' id='word_1_290' title='bbox 540 4068 655 4146; x_wconf 86' lang='lat' dir='ltr'><strong>milito-</strong></span> <span class='ocrx_word' id='word_1_291' title='bbox 877 4101 882 4109; x_wconf 92' lang='lat'>·</span> <span class='ocrx_word' id='word_1_292' title='bbox 1116 4070 1260 4158; x_wconf 76' lang='lat' dir='ltr'><strong>Hymnus</strong></span> <span class='ocrx_word' id='word_1_293' title='bbox 1393 4110 1397 4115; x_wconf 92' lang='lat'>·</span> 
     </span>
     <span class='ocr_line' id='line_1_39' title="bbox 266 4116 1476 4253; baseline 0.004 -29"><span class='ocrx_word' id='word_1_294' title='bbox 266 4168 270 4173; x_wconf 87' lang='grc'><em>“</em></span> <span class='ocrx_word' id='word_1_295' title='bbox 316 4156 400 4225; x_wconf 91' lang='lat' dir='ltr'><strong>Novi</strong></span> <span class='ocrx_word' id='word_1_296' title='bbox 422 4158 576 4250; x_wconf 84' lang='lat' dir='ltr'><strong>triumphi</strong></span> <span class='ocrx_word' id='word_1_297' title='bbox 589 4161 743 4253; x_wconf 69' lang='lat' dir='ltr'><strong>glorium:¹</strong></span> <span class='ocrx_word' id='word_1_298' title='bbox 774 4182 790 4193; x_wconf 56' lang='lat'><strong>·⁴</strong></span> <span class='ocrx_word' id='word_1_299' title='bbox 809 4202 824 4219; x_wconf 82' lang='lat'><strong>..</strong></span> <span class='ocrx_word' id='word_1_300' title='bbox 884 4116 1038 4230; x_wconf 73' lang='lat' dir='ltr'><strong>Plaude</strong></span> <span class='ocrx_word' id='word_1_301' title='bbox 1054 4162 1179 4241; x_wconf 84' lang='lat' dir='ltr'><strong>festivo,</strong></span> <span class='ocrx_word' id='word_1_302' title='bbox 1193 4160 1476 4252; x_wconf 82' lang='lat' dir='ltr'><strong>piagens,hunore</strong></span> 
     </span>
     <span class='ocr_line' id='line_1_40' title="bbox 311 4251 1474 4354; baseline 0.008 -37"><span class='ocrx_word' id='word_1_303' title='bbox 311 4251 481 4345; x_wconf 38' lang='lat' dir='ltr'><strong>*Pugnavit</strong></span> <span class='ocrx_word' id='word_1_304' title='bbox 495 4256 561 4323; x_wconf 86' lang='lat' dir='ltr'><strong>ocri</strong></span> <span class='ocrx_word' id='word_1_305' title='bbox 584 4253 717 4345; x_wconf 85' lang='lat' dir='ltr'><strong>praelio,</strong></span> <span class='ocrx_word' id='word_1_306' title='bbox 772 4308 775 4313; x_wconf 93' lang='lat'>.</span> <span class='ocrx_word' id='word_1_307' title='bbox 823 4302 830 4314; x_wconf 78' lang='lat'><em>,</em></span> <span class='ocrx_word' id='word_1_308' title='bbox 905 4256 990 4322; x_wconf 85' lang='lat' dir='ltr'><strong>Dum</strong></span> <span class='ocrx_word' id='word_1_309' title='bbox 1006 4254 1173 4332; x_wconf 80' lang='lat' dir='ltr'><strong>Genestaoi</strong></span> <span class='ocrx_word' id='word_1_310' title='bbox 1186 4254 1474 4354; x_wconf 37' lang='lat' dir='ltr'><strong>veneraris-aedem</strong></span> 
     </span>
    </p>
   </div>
   <div class='ocr_carea' id='block_1_6' title="bbox 0 0 1796 5034">
    <p class='ocr_par' dir='ltr' id='par_1_7' title="bbox 0 0 1796 5034">
     <span class='ocr_line' id='line_1_41' title="bbox 0 0 1796 5034; baseline 0 2"><span class='ocrx_word' id='word_1_311' title='bbox 0 0 1796 5034; x_wconf 95' lang='lat' dir='ltr'><strong> </strong></span> 
     </span>
    </p>
   </div>
  </div>
 </body>
</html>
