3584 5034
259 642 267 655 ·
340 598 404 664 lli
466 610 468 615 '
752 597 877 666 rusti
901 598 1165 668 snetnnonls-

379 707 497 778 emm.
522 711 553 778 s.
578 710 712 778 nomine
728 709 806 800 qno
821 709 927 776 mnu-
972 708 1118 798 gnnnus
1141 691 1245 786 natm
1269 707 1374 777 omna
1389 725 1565 800 coopertu·

334 801 449 892 plicati.
713 885 717 891 η
852 800 855 806 ’
972 814 1025 869 tur
1047 805 1080 867 in
1105 801 1236 880 bonum;
1261 801 1564 890 iisquisecundum

379 903 409 967 tl·
435 894 541 980 Gloria
564 893 739 964 ethonore
763 905 822 966 etc.
969 895 1167 986 propositum
1197 896 1300 963 vocati
1341 908 1415 962 sunt
1452 899 1562 964 sancti.

379 981 475 1062 Mt
499 991 686 1056 constituisti
703 998 764 1057 etc.
973 989 1051 1054 Nam
1078 1009 1161 1076 quos
1200 988 1378 1078 praescivit,
1418 999 1448 1055 et
1471 1011 1564 1080 prae-

378 1079 425 1147 De
449 1081 588 1170 Epistola
612 1083 695 1150 Beati
718 1081 809 1149 Pauli
839 1086 926 1172 Apo·
975 1080 1151 1160 destinavit,
1177 1081 1356 1148 conformes
1381 1079 1448 1150 lieri
1484 1083 1563 1148 ima-

333 1173 403 1240 stoli
427 1173 469 1240 ad
495 1177 660 1244 Romanos.
973 1175 1053 1262 ginis
1085 1172 1151 1240 Filii
1175 1176 1236 1255 sui,
1260 1185 1296 1240 ut
1319 1176 1361 1240 sit
1398 1177 1467 1266 ipse
1500 1177 1564 1265 pri-

569 1270 651 1336 Lect.
676 1289 697 1334 1.
955 1265 1147 1356 mog'enitus
1174 1265 1220 1336 'in
1259 1267 1366 1334 multis
1407 1267 1564 1335 iratribus,

331 1313 494 1440 Fratres,
519 1359 679 1428 debitores
703 1381 815 1426 sumus
855 1378 918 1451 non
967 1361 1056 1440 Quos
1080 1370 1184 1430 autem
1210 1360 1465 1452 praedestinavit,
1504 1361 1562 1428 hos

333 1455 432 1533 carni,
456 1463 492 1519 ut
514 1453 690 1522 secundum
717 1474 843 1519 carnem
877 1451 923 1519 vi·
970 1465 1002 1520 et
1025 1455 1206 1521 vocavitzet
1231 1475 1314 1542 quos
1337 1454 1472 1534 vocavit,
1504 1453 1564 1520 hos

333 1567 454 1612 vamns.
480 1547 511 1610 Si
536 1549 619 1612 euim
642 1545 819 1612 secondum
850 1565 920 1611 car·
967 1556 998 1612 et
1015 1546 1208 1636 justificavit:
1234 1567 1317 1635 quos
1342 1541 1447 1614 autem
1467 1548 1562 1636 justi-

333 1661 406 1705 nem
431 1639 578 1718 vixeritis,
606 1639 791 1705 moriemini:
815 1639 840 1704 si
865 1659 923 1702 au·
969 1638 1085 1718 beavit,
1111 1627 1182 1707 illos
1206 1652 1237 1707 et
1260 1639 1454 1726 glorificavit.
1479 1639 1563 1719 Quid

332 1743 397 1804 tem
420 1732 531 1821 spiritu
558 1731 639 1798 lacta
664 1731 767 1799 caruis
791 1729 922 1824 mortili·
970 1754 1046 1820 ergo
1072 1728 1214 1800 dicemus
1239 1731 1277 1797 ad
1297 1732 1374 1800 haec
1390 1732 1416 1824 ‘l¹
1432 1732 1564 1798 SiDeus

331 1826 488 1902 caventis,
513 1825 631 1891 vivetis.
656 1825 858 1914 Quicumque
887 1845 921 1890 e·
967 1845 1026 1915 pro
1051 1827 1152 1906 nobis,
1178 1826 1250 1915 quis
1275 1837 1384 1890 contra
1408 1824 1485 1890 nos?
1501 1827 1563 1906 Qui

331 1920 398 1983 nim
422 1919 534 2007 spiritu
562 1920 616 1984 Dei
641 1930 790 2006 aguntur,
815 1919 921 1982 iisunt
968 1919 1060 1984 ctiam
1086 1921 1216 2009 proprio
1242 1918 1391 1983 Filiosuo
1415 1937 1479 1981 non
1506 1940 1565 2006 pe-

331 2007 385 2075 filii
405 2010 470 2077 oet.
489 2011 558 2075 Non
575 2010 840 2101 enimtaccepistis
857 2011 922 2098 spi·
969 2011 1078 2101 percit,
1103 2017 1159 2077 sed
1192 2033 1249 2098 pro
1280 2009 1371 2076 nobis
1410 2009 1563 2075 omnibus

331 2104 426 2170 ritum
442 2103 601 2170 servitutis
619 2105 731 2169 iterum
748 2107 781 2169 in
800 2108 931 2182 timore‚.
972 2102 1099 2171 tradidit
1123 2104 1221 2170 illum:
1240 2099 1409 2192 -quomodo
1440 2122 1503 2166 non
1529 2123 1564 2168 e-

330 2194 387 2262 sed
405 2196 569 2286 accepistis
584 2196 728 2286 spiritum
745 2195 923 2277 adoptionis
972 2198 1045 2263 tiam
1071 2219 1144 2264 cunr
1171 2197 1224 2264 illo
1249 2197 1353 2262 omnia
1377 2193 1468 2262 nobis
1503 2192 1562 2260 do-

331 2287 484 2367 tiliorum‚
510 2289 539 2352 in
565 2309 631 2378 quo
656 2288 839 2354 clamamus:
856 2289 921 2354 Ab·
967 2291 1085 2357 navit?
1109 2291 1188 2372 Quis
1213 2287 1378 2356 accusabit
1407 2287 1563 2366 adversus

331 2379 374 2446 ba
396 2378 562 2470 (Pater)
589 2383 659 2471 lpse
682 2382 766 2446 enim
784 2382 920 2470 Spiritus
969 2383 1086 2452 clectos
1111 2382 1199 2450 Dei?
1225 2384 1310 2460 Deus
1335 2383 1389 2470 qui
1409 2378 1562 2468 justilicat

329 2475 544 2541 testimonium
571 2473 672 2542 reddit
701 2475 822 2564 spiritui
863 2494 920 2539 no·
967 2478 1040 2564 quis
1064 2486 1112 2542 est
1136 2477 1191 2564 qui
1217 2472 1440 2542 condemnet?
1470 2472 1559 2538 Chri-

330 2577 406 2645 stro,
431 2566 519 2656 quod
545 2591 657 2634 sumus
686 2566 742 2632 filii
783 2569 847 2636 Dei.
888 2569 923 2634 Si
968 2580 1036 2634 stus
1061 2571 1164 2645 lesus,
1190 2569 1244 2658 qni
1271 2579 1416 2642 mortuus
1440 2567 1560 2654 estqui

330 2670 438 2728 autem
462 2659 529 2752 fip’t,
553 2672 584 2728 et
608 2661 769 2728 haerodes:
810 2662 919 2728 haere·
967 2673 999 2726 et
1022 2662 1201 2741 resurrexit,
1230 2660 1284 2750 qui
1309 2658 1420 2728 estad
1453 2659 1560 2726 dexte·

332 2752 388 2821 des
412 2754 541 2842 quidem
566 2756 633 2836 Dei,
658 2753 852 2822 cohaeredes
868 2775 926 2819 au·
973 2775 1040 2819 ram
1067 2753 1142 2832 Dei,
1168 2753 1348 2843 quietiam
1386 2750 1562 2843 interpellat

330 2856 393 2937 tem
418 2845 543 2926 Christi3
567 2848 593 2912 si
627 2858 730 2914 tamen
771 2845 924 2938 compati·
969 2845 1156 2937 pronubis.
1258 2872 1262 2881 ¹

332 2960 431 3016 mur,
486 2948 597 3005 ut-et
636 2940 925 3026 conglorificemur.
1019 2948 1050 3020 ri.
1075 2941 1126 3006 Sic
1150 2939 1265 3008 effulsit
1288 2941 1319 3006 in
1345 2935 1464 3030 templo
1504 2935 1560 3003 Dei
1661 2947 1662 2954 ’

329 3030 481 3096 Existimo
506 3031 600 3108 enim,
630 3032 717 3119 quod
751 3054 815 3099 non
844 3046 919 3101 sunt
967 3037 1057 3122 qnasi
1083 3035 1162 3122 ignis
1185 3033 1348 3122 effulgens,
1373 3043 1404 3100 ct
1419 3031 1493 3097 tbus
1509 3050 1561 3094 ar·

330 3119 506 3211 condignae
529 3123 691 3211 passiones
723 3123 818 3214 hujus
841 3137 918 3192 tom·
966 3125 1045 3194 deus
1070 3127 1099 3192 in
1127 3125 1245 3214 igne*
1272 3129 1306 3193 lu
1331 3145 1464 3191 ascensu
1480 3123 1561 3188 alta·

329 3217 418 3306 poris
441 3215 482 3282 ad
508 3212 646 3281 loturam
670 3216 813 3304 gloriam,
838 3238 922 3306 quae
970 3221 1012 3283 ris
1036 3220 1145 3296 sancti,
1170 3219 1302 3307 gloriam
1326 3216 1413 3284 dedit
1441 3215 1561 3281 sancti·

330 3308 522 3376 revelabitur
547 3310 576 3375 in
595 3309 695 3376 nobis.
712 3309 790 3375 Nam
806 3329 922 3400 expec-
968 3313 1037 3410 tetis
1061 3312 1204 3379 amictus.

330 3403 406 3468 tatio
429 3415 592 3470 creaturae
616 3403 839 3471 revelationem
881 3401 918 3470 li-
985 3411 1040 3490 ‚tl
1065 3406 1179 3472 Datum
1208 3414 1255 3471 est
1272 3403 1316 3468 illi
1333 3400 1407 3468 fidei
1435 3397 1557 3467 donum

329 3493 445 3561 liorum
471 3497 528 3563 Dei
552 3505 704 3586 expectat.
971 3495 1174 3573 electnm‚et
1198 3517 1267 3563 sors
1291 3493 1466 3584 intemplo
1502 3494 1559 3561 Dei

376 3598 408 3668 vt.
433 3587 517 3654 Ecce
541 3609 653 3655 servus
694 3610 784 3656 meus
823 3588 924 3656 susci·
970 3591 1196 3682 acceptissima.
1222 3591 1257 3655 ln
1282 3610 1427 3657 ascensu.
1659 3599 1660 3603 ’

330 3680 414 3770 piam
432 3702 518 3761 eum,
534 3681 727 3771 complacuit
742 3680 801 3748 sibi
819 3685 848 3748 in
868 3683 923 3749 illo
996 3729 999 3734 -
1191 3686 1272 3752 Lect.
1298 3703 1342 3750 ιιι.

328 3776 433 3842 anima
458 3796 536 3841 mea:
555 3772 574 3813 l‘
593 3774 681 3842 Dedi.
695 3775 839 3865 spiritum
857 3798 922 3844 mc-
971 3731 1080 3864 Quis
1104 3796 1180 3861 ergo
1204 3796 1262 3842 nos
1278 3773 1436 3866 separabit
1452 3796 1471 3841 a
1486 3771 1561 3840 cha-

331 3889 386 3934 um
409 3889 507 3958 super
531 3889 615 3936 oum.
970 3870 1059 3937 ritate
1083 3869 1223 3936 Christi?
1239 3869 1398 3944 tribulatio
1414 3867 1431 3935 ‘l
1447 3890 1487 3934 an
1503 3889 1559 3933 an-

377 3968 407 4040 rt.
431 3962 478 4028 Ne
501 3962 621 4042 timeas,
642 3960 724 4051 'quia
740 3980 800 4051 ego
818 3970 922 4029 tecum
969 3959 1103 4052 gustia?
1128 3983 1168 4027 an
1193 3962 1324 4030 lomes?
1348 3984 1388 4028 an
1406 3958 1560 4027 nuditas?

330 4073 414 4135 sum,
438 4055 613 4122 confortavi
638 4066 679 4136 te,
706 4065 738 4122 et
753 4055 920 4122 auxiliatus
968 4077 1009 4122 an
1033 4055 1242 4146 periculum?
1267 4077 1308 4123 an
1347 4051 1559 4144 persecutio?

330 4166 403 4213 sum
426 4147 491 4214 tibi.
517 4147 605 4216 Dedi.
868 4159 871 4167 '
968 4169 1008 4216 an
1033 4147 1189 4238 gladius?
1213 4147 1320 4240 (sicut
1334 4147 1485 4237 scriptum
1502 4155 1559 4214 est

354 4283 375 4318 w
557 4242 639 4310 Lect.
664 4261 696 4308 n.
971 4243 1053 4322 Quia
1077 4253 1252 4333 propterte
1268 4238 1496 4310 mortificamur
1512 4250 1560 4306 to·
1651 4260 1655 4317 r

332 4287 483 4398 belinus
505 4328 631 4416 autem,
666 4333 817 4424 quoniam
852 4332 924 4401 dili·
970 4343 1001 4402 ta
1025 4334 1086 4403 die:
1111 4334 1263 4404 aestimati
1286 4351 1398 4402 sumus
1421 4333 1506 4400 sicut
1523 4351 1562 4400 o-
1652 4326 1654 4349 '
