3584 5034
673 673 799 744 FESTA
824 671 1017 746 Jtthtttt
1103 666 1106 670 ⁵
1417 678 1459 746 t3
1543 685 1551 698 ’

355 821 359 826 -
478 787 561 857 ter.
586 803 627 856 tt.
870 784 934 854 lem
957 805 977 850 a
1000 780 1093 852 nobis
1115 784 1166 852 sit·
1185 793 1363 854 exacturus
1381 803 1461 855 usu-

232 825 423 948 Admonet
440 879 639 961 nos-iratres
656 877 819 961 carissimi,
869 899 948 945 ram.
971 876 1010 942 ln
1048 873 1108 946 hac
1142 877 1252 969 itaqua
1290 877 1342 947 die
1360 937 1364 942 .
1379 879 1459 949 lidos

230 971 272 1040 ad
293 972 526 1048 solemnitatem
550 971 733 1040 llorninicae
748 983 827 1066 pas·
867 968 1072 1061 propheticae
1109 969 1355 1039 annuntiationis
1401 974 1459 1040 irn-

231 1064 327 1133 aionis
351 1063 419 1132 dies
437 1065 513 1155 ipse,
538 1065 653 1155 inquo
676 1082 823 1132 eamnec
868 1063 953 1153 pleta
989 1072 1046 1142 est,
1073 1062 1114 1128 ita
1154 1061 1297 1132 dmentis:
1336 1064 1460 1157 Corpus
1492 1114 1494 1122 ι

126 1189 129 1222 ι
231 1168 319 1224 muta
343 1156 498 1226 clementa
521 1165 699 1224 tacuerunt.
731 1157 820 1224 Cele-
868 1177 977 1223 meum
989 1154 1061 1223 dedi
1079 1155 1342 1245 percutientibus,
1359 1170 1391 1226 et
1406 1180 1462 1248 ga-

126 1295 132 1308 ·
231 1249 303 1318 bret
323 1269 393 1317 eam
429 1249 486 1316 lux
508 1248 595 1330 fidei,
624 1250 742 1339 linguis
765 1248 823 1316 hn-
870 1270 929 1316 nas
946 1268 1033 1316 meas
1049 1246 1249 1328 vellentibus,
1266 1249 1379 1318 faciem
1396 1272 1462 1320 me·

232 1343 378 1420 minum,
407 1363 505 1430 quam
542 1342 825 1412 conclamaverunt
870 1362 924 1408 arn
949 1360 1013 1406 non
1037 1339 1135 1407 averti
1150 1359 1171 1405 a
1186 1340 1335 1411 foeditate
1350 1354 1463 1434 sputo-

230 1435 326 1504 ctiam
350 1433 473 1502 silentia
487 1433 700 1504 tenebrarum.
717 1435 825 1502 Domi·
871 1455 954 1500 rum.
986 1432 1135 1523 Suscepit
1170 1433 1255 1500 mala
1288 1446 1397 1502 nosua
1426 1444 1464 1503 ut

231 1547 296 1594 nus
319 1535 427 1593 noster
444 1527 474 1593 ie
492 1538 606 1596 statera
624 1528 735 1594 ,crucis
751 1547 824 1617 pre·
871 1525 1025 1594 tribueret
1048 1523 1133 1592 boue
1155 1546 1223 1592 sua.
1247 1526 1329 1594 llinc
1353 1527 1465 1595 iutelli-

233 1618 315 1686 tium
330 1629 465 1688 ,nostrae
479 1619 590 1688 salutis
612 1617 775 1710 appendit,
791 1627 824 1685 et
870 1639 994 1704 gamus,
1030 1628 1186 1707 quantum
1220 1616 1382 1687 hominem
1411 1618 1463 1687 di-

232 1731 300 1778 une
322 1721 424 1779 morte
444 1713 630 1781 uniuersum
654 1709 824 1792 mnndum,
870 1709 969 1799 ligere
992 1708 1140 1798 dignatus
1162 1710 1203 1778 sit
1225 1721 1300 1780 ante
1322 1711 1463 1803 culpam,

135 1835 142 1900 Ι·
232 1803 318 1872 sicut
339 1804 481 1872 omnium
506 1804 663 1883 conditor,
688 1805 731 1871 ita
754 1823 823 1871 orn·
870 1823 970 1893 quem
1005 1802 1052 1870 sic
1081 1799 1181 1891 diligit
1216 1814 1290 1894 post
1327 1805 1463 1874 ruinam.

233 1895 322 1962 nium
357 1906 521 1986 reparator
543 1897 689 1966 absolvit.
723 1894 823 1963 ludu·
870 1901 1028 1983 Agnosce,
1055 1891 1161 1973 homo,
1178 1907 1336 1983 quantum
1353 1897 1461 1966 valeas

129 1983 135 2012 '
233 1985 368 2056 bitanter
402 1989 487 2058 euim
511 1989 708 2072 credamus,
733 1985 824 2079 quod
871 1996 1074 2076 etquantum
1098 1984 1228 2067 debeas3
1252 1997 1285 2054 et
1300 1987 1378 2056 dum
1395 2000 1466 2058 tan-

234 2089 336 2148 loturn
349 2079 508 2150 mnndum
523 2081 666 2164 redeunt,
683 2083 738 2171 qui
751 2081 825 2173 plus
873 2090 937 2146 tarn
962 2077 1187 2168 redemptionis
1210 2089 1284 2147 tuae
1309 2081 1463 2172 perspicis

232 2171 343 2254 dedit,
357 2194 466 2262 ¹quam
490 2184 576 2243 totns
602 2174 744 2242 muudus
768 2195 824 2242 va·
871 2169 1065 2260 dignitatem,
1081 2170 1151 2261 ipse
1166 2169 1221 2240 tibi
1237 2170 1468 2272 indicitopeo⁴

233 2262 323 2333 leret.
358 2263 505 2333 lleritum
528 2267 613 2334 enim
643 2266 827 2357 redemptae
869 2263 962 2332 caudi
987 2262 1154 2354 pudorem.
1178 2264 1272 2344 Ecce,
1288 2285 1349 2359 pre
1366 2266 1467 2357 irnpio

231 2355 391 2426 mercedis
414 2356 549 2448 dignitas
572 2359 702 2448 insignis
731 2359 822 2450 pretii
868 2357 970 2448 pietas
992 2355 1190 2444 flagellatur,
1206 2376 1266 2448 pro
1290 2358 1395 2426 stulto·
1412 2381 1470 2444 sat-1
1593 2436 1597 2440 Α

232 2470 459 2542 supergresssa
492 2461 549 2522 est.
590 2453 676 2521 luter
698 2451 826 2520 redem·.
872 2450 990 2542 plenta
1027 2447 1181 2532 illuditur,
1213 2471 1272 2542 pro
1308 2451 1469 2522 mendace.
1522 2469 1534 2484 ··

231 2551 335 2633 ptum,
351 2554 384 2612 et
399 2543 605 2614 redimentem
629 2544 823 2635 dispensatio
870 2543 987 2612 veritas
1011 2552 1155 2624 necatur,
1179 2542 1351 2612 damnetur
1369 2547 1464 2634 justi-

233 2635 303 2718 iuit,
328 2639 543 2728 compensatio
578 2637 735 2706 nonfuit
759 2636 823 2719 Qui
871 2635 914 2702 tia
937 2655 996 2727 pro
1012 2635 1133 2724 iniquo,
1158 2635 1375 2704 misericordia
1394 2636 1467 2704 alli-1

232 2747 309 2816 ergo
333 2748 398 2795 non
422 2729 559 2800 habebat
592 2741 725 2823 peecata
749 2750 824 2821 prn-
872 2728 956 2794 citur
989 2746 1049 2818 pro
1082 2726 1216 2808 crudeli,
1252 2749 1312 2818 pro
1347 2730 1466 2813 misero

229 2820 310 2910 pria,
336 2820 431 2910 digne
453 2821 570 2891 delevit
592 2824 704 2891 aliena.
729 2824 826 2893 Solus
872 2820 1015 2911 repletur
1029 2820 1192 2887 sinceritas
1206 2831 1310 2901 aceto,
1329 2820 1466 2892 inebria-

230 2911 283 2979 hie
307 2914 361 3003 pia
383 2913 512 2981 victima
525 2935 586 3004 pro
602 2913 752 2982 omnibus
773 2934 827 2982 ce-
873 2922 927 2980 tur
950 2911 1024 2980 tetta
1046 2911 1195 2992 dulcedo,
1236 2911 1394 2982 addicitur
1418 2916 1466 2982 iu·

230 3002 319 3085 cidit,
345 3014 381 3071 ut
402 3026 514 3074 omues
535 3007 664 3088 levaret,
693 3017 726 3075 et
749 3007 828 3097 quia
871 3005 1019 3074 nocentia
1052 3025 1112 3096 pre
1136 3026 1203 3089 rec,
1241 3007 1377 3075 moritur
1400 3009 1465 3077 vita

228 3094 375 3164 debiturn
399 3096 489 3166 solus
512 3120 577 3168 non
602 3097 721 3187 hahuit,
740 3110 827 3168 recte
873 3118 934 3189 pro
958 3109 1096 3168 mortuo.

231 3189 346 3258 foenus
373 3189 608 3262 misericordiae
623 3213 682 3284 pro
699 3189 827 3262 debito-1
916 3197 950 3272 rt.
972 3190 1040 3281 Ego
1064 3189 1141 3259 duxi
1159 3192 1198 3266 'to
1221 3213 1281 3282 per
1303 3188 1466 3261 desertum
1484 3194 1488 3200 “

231 3278 322 3348 ribus
346 3285 497 3371 erogavit.
811 3353 815 3362 ,
872 3282 1082 3373 quadraginta
1104 3286 1206 3366 anuis,
1230 3293 1263 3352 et
1281 3305 1398 3352 manna
1420 3284 1469 3351 ci-

279 3384 311 3460 ro.
336 3375 405 3463 Ego
428 3385 607 3467 propterte
622 3374 825 3446 Chanauaec-
872 3373 946 3444 havi
983 3385 1024 3456 te;
1049 3374 1070 3418 *
1102 3375 1141 3442 lit
1170 3385 1217 3444 tu¹
1239 3398 1292 3445 me
1321 3375 1466 3448 cecidisti·

130 3463 135 3488 “
231 3487 305 3532 rum
330 3488 422 3557 reges
445 3469 601 3560 percussi,
625 3479 657 3538 et
679 3467 753 3538 dedi
772 3466 827 3536 tibi
874 3467 987 3559 alapis,
1009 3476 1042 3535 et
1064 3464 1205 3555 llagellis.

230 3569 395 3648 sceptrum
418 3559 565 3651 regale*
589 3563 629 3630 Et
650 3572 686 3629 tu
709 3560 823 3630 dedisti
916 3561 947 3626 al.
971 3559 1094 3650 Popule
1116 3581 1218 3644 meus,
1242 3561 1323 3653 quid
1344 3562 1416 3632 ieci.
1429 3564 1467 3630 ti-

230 3651 335 3748 capiti
352 3672 424 3721 men
447 3655 590 3745 spineam
613 3674 777 3734 coronam,
795 3662 828 3722 et
873 3648 917 3732 bi,
951 3663 1008 3720 aut
1036 3653 1067 3722 iu
1100 3673 1168 3741 quo
1194 3655 1381 3728 'contristavi
1406 3654 1467 3723 tel

132 3769 135 3776 ¹
228 3744 415 3833 percussisti
428 3746 583 3815 arundine
597 3757 829 3838 caputmeum.
877 3744 1037 3836 responde
1061 3745 1147 3813 mihi.
1172 3747 1212 3814 Et
1235 3758 1269 3816 tu
1286 3771 1346 3819 me·
1413 3807 1417 3812 .

277 3843 311 3912 t.
337 3836 459 3926 Popule
482 3861 583 3921 meus,
608 3838 686 3929 quid
694 3838 765 3924 ¹‚leci
790 3839 828 3905 ti·
1119 3841 1202 3908 Lect.
1226 3861 1271 3922 ,vn

231 3924 276 4007 bi,
299 3939 357 4012 aut
393 3927 441 3996 in.
473 3952 516 4000 uo
554 3931 735 4001 contristavi
763 3928 827 4000 tei
876 3880 1039 4021 Expavit
1063 3930 1168 3999 scelus
1192 3931 1356 4002 homiuum
1371 3939 1466 3998 natu·
1524 3957 1528 3961 ²
1579 3899 1586 3914 Β

230 4019 392 4112 responde
415 3953 499 4090 miii.
524 4025 563 4092 Et
585 4036 630 4093 tu.
873 4042 910 4090 ra
934 4044 1060 4106 rerum,
1078 4034 1111 4092 et
1133 4045 1231 4113 quern
1253 4032 1399 4091 creatura
1414 4044 1465 4092 re-

132 4183 141 4208 ,
477 4120 559 4186 Lect.
585 4138 615 4186 r.
872 4113 965 4184 bellis
990 4137 1054 4185 non
1078 4117 1230 4206 agnoscit,
1254 4135 1329 4182 eum
1352 4117 1465 4186 mundi

229 4158 431 4299 perpende
454 4210 536 4282 inter
550 4211 640 4294 hacc,
657 4211 713 4304 qui
730 4210 826 4280 talam
872 4208 1044 4288 Dominum
1063 4219 1201 4276 tremus
1217 4217 1301 4276 terra
1322 4217 1465 4291 wstatur,

228 4318 288 4388 pro
313 4299 406 4374 uobis
432 4301 520 4376 dedit
534 4305 717 4397 pecuniam,
746 4325 826 4394 qua·
873 4311 906 4370 et
929 4300 1007 4370 caeli
1034 4301 1149 4392 Regem
1173 4301 1222 4375 sol
1241 4301 1365 4393 lugiens
1388 4309 1475 4374 con-⁶

1294 4683 1307 4744 i
