<?xml version="1.0" encoding="UTF-8"?>
<!DOCTYPE html PUBLIC "-//W3C//DTD XHTML 1.0 Transitional//EN"
    "http://www.w3.org/TR/xhtml1/DTD/xhtml1-transitional.dtd">
<html xmlns="http://www.w3.org/1999/xhtml" xml:lang="en" lang="en">
 <head>
  <title>
</title>
<meta http-equiv="Content-Type" content="text/html;charset=utf-8" />
  <meta name='ocr-system' content='tesseract 3.04.00' />
  <meta name='ocr-capabilities' content='ocr_page ocr_carea ocr_par ocr_line ocrx_word'/>
</head>
<body>
  <div class='ocr_page' id='page_1' title='image "./officiasanctoru00churgoog/officiasanctoru00churgoog_0091.png"; bbox 0 0 3584 5034; ppageno 0'>
   <div class='ocr_carea' id='block_1_1' title="bbox 699 576 1456 675">
    <p class='ocr_par' dir='ltr' id='par_1_1' title="bbox 699 576 1456 675">
     <span class='ocr_line' id='line_1_1' title="bbox 699 576 1456 675; baseline 0 -6"><span class='ocrx_word' id='word_1_1' title='bbox 699 601 828 675; x_wconf 77' lang='lat' dir='ltr'><strong>resur</strong></span> <span class='ocrx_word' id='word_1_2' title='bbox 850 600 1009 669; x_wconf 80' lang='lat' dir='ltr'><strong>arnurs</strong></span> <span class='ocrx_word' id='word_1_3' title='bbox 1080 576 1086 587; x_wconf 84' lang='grc'><strong>’</strong></span> <span class='ocrx_word' id='word_1_4' title='bbox 1416 594 1456 669; x_wconf 79' lang='lat' dir='ltr'><strong>rt</strong></span> 
     </span>
    </p>
   </div>
   <div class='ocr_carea' id='block_1_2' title="bbox 234 710 1462 1921">
    <p class='ocr_par' dir='ltr' id='par_1_2' title="bbox 234 710 1462 1643">
     <span class='ocr_line' id='line_1_2' title="bbox 244 710 1462 803; baseline 0.002 -22"><span class='ocrx_word' id='word_1_5' title='bbox 244 711 412 783; x_wconf 83' lang='lat' dir='ltr'><strong>hominem.</strong></span> <span class='ocrx_word' id='word_1_6' title='bbox 429 712 506 781; x_wconf 86' lang='lat' dir='ltr'><strong>llira</strong></span> <span class='ocrx_word' id='word_1_7' title='bbox 521 734 572 783; x_wconf 84' lang='lat' dir='ltr'><strong>res</strong></span> <span class='ocrx_word' id='word_1_8' title='bbox 588 720 646 795; x_wconf 91' lang='lat' dir='ltr'><strong>est,</strong></span> <span class='ocrx_word' id='word_1_9' title='bbox 662 711 826 803; x_wconf 86' lang='lat' dir='ltr'><strong>quomodo</strong></span> <span class='ocrx_word' id='word_1_10' title='bbox 875 710 1034 802; x_wconf 82' lang='lat' dir='ltr'><strong>Virginem</strong></span> <span class='ocrx_word' id='word_1_11' title='bbox 1066 711 1347 801; x_wconf 61' lang='lat' dir='ltr'><strong>permanereoui</strong></span> <span class='ocrx_word' id='word_1_12' title='bbox 1376 712 1462 783; x_wconf 87' lang='lat' dir='ltr'><strong>enirn</strong></span> 
     </span>
     <span class='ocr_line' id='line_1_3' title="bbox 243 803 1458 899; baseline 0.001 -26"><span class='ocrx_word' id='word_1_13' title='bbox 243 809 382 896; x_wconf 89' lang='lat' dir='ltr'><strong>potuerit</strong></span> <span class='ocrx_word' id='word_1_14' title='bbox 392 807 561 899; x_wconf 89' lang='lat' dir='ltr'><strong>concipere</strong></span> <span class='ocrx_word' id='word_1_15' title='bbox 572 814 716 876; x_wconf 89' lang='lat' dir='ltr'><strong>creatura</strong></span> <span class='ocrx_word' id='word_1_16' title='bbox 728 806 822 875; x_wconf 84' lang='lat' dir='ltr'><strong>Crea-</strong></span> <span class='ocrx_word' id='word_1_17' title='bbox 869 804 1015 895; x_wconf 91' lang='lat' dir='ltr'><strong>disrupta</strong></span> <span class='ocrx_word' id='word_1_18' title='bbox 1047 810 1219 895; x_wconf 85' lang='lat' dir='ltr'><strong>corporum</strong></span> <span class='ocrx_word' id='word_1_19' title='bbox 1257 803 1400 874; x_wconf 90' lang='lat' dir='ltr'><strong>membra</strong></span> <span class='ocrx_word' id='word_1_20' title='bbox 1422 807 1458 874; x_wconf 92' lang='lat' dir='ltr'><strong>in</strong></span> 
     </span>
     <span class='ocr_line' id='line_1_4' title="bbox 243 896 1458 989; baseline 0.001 -23"><span class='ocrx_word' id='word_1_21' title='bbox 243 910 352 967; x_wconf 91' lang='lat' dir='ltr'><strong>turem.</strong></span> <span class='ocrx_word' id='word_1_22' title='bbox 376 898 462 982; x_wconf 88' lang='lat' dir='ltr'><strong>Quid</strong></span> <span class='ocrx_word' id='word_1_23' title='bbox 485 910 534 970; x_wconf 91' lang='lat' dir='ltr'><strong>est</strong></span> <span class='ocrx_word' id='word_1_24' title='bbox 552 920 628 988; x_wconf 89' lang='lat' dir='ltr'><strong>ergo</strong></span> <span class='ocrx_word' id='word_1_25' title='bbox 651 898 826 989; x_wconf 85' lang='lat' dir='ltr'><strong>intelligeu·</strong></span> <span class='ocrx_word' id='word_1_26' title='bbox 872 898 941 966; x_wconf 85' lang='lat' dir='ltr'><strong>aliis</strong></span> <span class='ocrx_word' id='word_1_27' title='bbox 964 905 1086 988; x_wconf 88' lang='lat' dir='ltr'><strong>poterat</strong></span> <span class='ocrx_word' id='word_1_28' title='bbox 1108 896 1266 986; x_wconf 84' lang='lat' dir='ltr'><strong>integrare</strong></span> <span class='ocrx_word' id='word_1_29' title='bbox 1289 897 1458 989; x_wconf 88' lang='lat' dir='ltr'><strong>tangendo,</strong></span> 
     </span>
     <span class='ocr_line' id='line_1_5' title="bbox 243 990 1462 1085; baseline 0.002 -27"><span class='ocrx_word' id='word_1_30' title='bbox 243 990 332 1075; x_wconf 89' lang='lat' dir='ltr'><strong>dum,</strong></span> <span class='ocrx_word' id='word_1_31' title='bbox 358 994 482 1061; x_wconf 81' lang='lat' dir='ltr'><strong>Fratres</strong></span> <span class='ocrx_word' id='word_1_32' title='bbox 498 996 570 1085; x_wconf 86' lang='lat' dir='ltr'><strong>mei,</strong></span> <span class='ocrx_word' id='word_1_33' title='bbox 587 993 645 1061; x_wconf 89' lang='lat' dir='ltr'><strong>nisi</strong></span> <span class='ocrx_word' id='word_1_34' title='bbox 669 992 743 1083; x_wconf 91' lang='lat' dir='ltr'><strong>quia</strong></span> <span class='ocrx_word' id='word_1_35' title='bbox 760 992 828 1083; x_wconf 86' lang='lat' dir='ltr'><strong>ipso</strong></span> <span class='ocrx_word' id='word_1_36' title='bbox 874 996 994 1085; x_wconf 87' lang='lat' dir='ltr'><strong>quanto</strong></span> <span class='ocrx_word' id='word_1_37' title='bbox 1013 991 1111 1080; x_wconf 90' lang='lat' dir='ltr'><strong>magis</strong></span> <span class='ocrx_word' id='word_1_38' title='bbox 1129 991 1160 1057; x_wconf 91' lang='lat' dir='ltr'><strong>iu</strong></span> <span class='ocrx_word' id='word_1_39' title='bbox 1176 1010 1235 1057; x_wconf 87' lang='lat' dir='ltr'><strong>sua</strong></span> <span class='ocrx_word' id='word_1_40' title='bbox 1247 990 1354 1072; x_wconf 87' lang='lat' dir='ltr'><strong>llatre,</strong></span> <span class='ocrx_word' id='word_1_41' title='bbox 1371 990 1462 1082; x_wconf 89' lang='lat' dir='ltr'><strong>quod</strong></span> 
     </span>
     <span class='ocr_line' id='line_1_6' title="bbox 242 1084 1459 1173; baseline -0.001 -19"><span class='ocrx_word' id='word_1_42' title='bbox 242 1084 305 1154; x_wconf 85' lang='lat' dir='ltr'><strong>sibi</strong></span> <span class='ocrx_word' id='word_1_43' title='bbox 329 1086 402 1153; x_wconf 89' lang='lat' dir='ltr'><strong>lecit</strong></span> <span class='ocrx_word' id='word_1_44' title='bbox 423 1108 549 1155; x_wconf 89' lang='lat' dir='ltr'><strong>caruem</strong></span> <span class='ocrx_word' id='word_1_45' title='bbox 574 1085 614 1155; x_wconf 95' lang='lat' dir='ltr'><strong>de</strong></span> <span class='ocrx_word' id='word_1_46' title='bbox 629 1086 697 1157; x_wconf 92' lang='lat' dir='ltr'><strong>sola</strong></span> <span class='ocrx_word' id='word_1_47' title='bbox 721 1086 827 1165; x_wconf 87' lang='lat' dir='ltr'><strong>llatre,</strong></span> <span class='ocrx_word' id='word_1_48' title='bbox 874 1084 992 1153; x_wconf 90' lang='lat' dir='ltr'><strong>invenit</strong></span> <span class='ocrx_word' id='word_1_49' title='bbox 1007 1084 1173 1171; x_wconf 87' lang='lat' dir='ltr'><strong>integrum,</strong></span> <span class='ocrx_word' id='word_1_50' title='bbox 1190 1085 1293 1173; x_wconf 90' lang='lat' dir='ltr'><strong>potuit</strong></span> <span class='ocrx_word' id='word_1_51' title='bbox 1309 1104 1373 1152; x_wconf 93' lang='lat' dir='ltr'><strong>non</strong></span> <span class='ocrx_word' id='word_1_52' title='bbox 1390 1087 1459 1153; x_wconf 62' lang='lat' dir='ltr'><strong>rio⁴</strong></span> 
     </span>
     <span class='ocr_line' id='line_1_7' title="bbox 240 1175 1458 1271; baseline 0.002 -28"><span class='ocrx_word' id='word_1_53' title='bbox 240 1179 299 1267; x_wconf 78' lang='lat' dir='ltr'><strong>qui</strong></span> <span class='ocrx_word' id='word_1_54' title='bbox 323 1178 396 1247; x_wconf 91' lang='lat' dir='ltr'><strong>lecit</strong></span> <span class='ocrx_word' id='word_1_55' title='bbox 420 1182 557 1271; x_wconf 89' lang='lat' dir='ltr'><strong>primum</strong></span> <span class='ocrx_word' id='word_1_56' title='bbox 575 1180 731 1247; x_wconf 89' lang='lat' dir='ltr'><strong>hominem</strong></span> <span class='ocrx_word' id='word_1_57' title='bbox 756 1179 824 1247; x_wconf 89' lang='lat' dir='ltr'><strong>sine</strong></span> <span class='ocrx_word' id='word_1_58' title='bbox 869 1177 936 1246; x_wconf 90' lang='lat' dir='ltr'><strong>lare</strong></span> <span class='ocrx_word' id='word_1_59' title='bbox 960 1175 1148 1244; x_wconf 82' lang='lat' dir='ltr'><strong>nascendo?</strong></span> <span class='ocrx_word' id='word_1_60' title='bbox 1164 1175 1269 1243; x_wconf 83' lang='lat' dir='ltr'><strong>Crevit</strong></span> <span class='ocrx_word' id='word_1_61' title='bbox 1285 1180 1372 1243; x_wconf 88' lang='lat' dir='ltr'><strong>enim</strong></span> <span class='ocrx_word' id='word_1_62' title='bbox 1388 1179 1458 1266; x_wconf 81' lang='lat' dir='ltr'><strong>ejus</strong></span> 
     </span>
     <span class='ocr_line' id='line_1_8' title="bbox 241 1269 1459 1362; baseline 0.001 -25"><span class='ocrx_word' id='word_1_63' title='bbox 241 1281 343 1361; x_wconf 89' lang='lat' dir='ltr'><strong>patre,</strong></span> <span class='ocrx_word' id='word_1_64' title='bbox 381 1284 412 1340; x_wconf 89' lang='lat' dir='ltr'><strong>et</strong></span> <span class='ocrx_word' id='word_1_65' title='bbox 451 1273 574 1341; x_wconf 83' lang='lat' dir='ltr'><strong>matre?</strong></span> <span class='ocrx_word' id='word_1_66' title='bbox 612 1274 737 1339; x_wconf 81' lang='lat' dir='ltr'><strong>Primus</strong></span> <span class='ocrx_word' id='word_1_67' title='bbox 776 1272 828 1341; x_wconf 92' lang='lat' dir='ltr'><strong>ille</strong></span> <span class='ocrx_word' id='word_1_68' title='bbox 875 1281 969 1362; x_wconf 89' lang='lat' dir='ltr'><strong>partu</strong></span> <span class='ocrx_word' id='word_1_69' title='bbox 993 1270 1154 1358; x_wconf 76' lang='lat' dir='ltr'><strong>integritas</strong></span> <span class='ocrx_word' id='word_1_70' title='bbox 1177 1269 1319 1359; x_wconf 87' lang='lat' dir='ltr'><strong>corporis</strong></span> <span class='ocrx_word' id='word_1_71' title='bbox 1344 1272 1459 1362; x_wconf 82' lang='lat' dir='ltr'><strong>potius,</strong></span> 
     </span>
     <span class='ocr_line' id='line_1_9' title="bbox 238 1362 1462 1457; baseline -0.002 -25"><span class='ocrx_word' id='word_1_72' title='bbox 238 1374 348 1432; x_wconf 85' lang='lat' dir='ltr'><strong>noster</strong></span> <span class='ocrx_word' id='word_1_73' title='bbox 386 1368 572 1448; x_wconf 88' lang='lat' dir='ltr'><strong>casus-luit,</strong></span> <span class='ocrx_word' id='word_1_74' title='bbox 598 1364 728 1457; x_wconf 89' lang='lat' dir='ltr'><strong>quando</strong></span> <span class='ocrx_word' id='word_1_75' title='bbox 761 1364 827 1432; x_wconf 88' lang='lat' dir='ltr'><strong>loe·</strong></span> <span class='ocrx_word' id='word_1_76' title='bbox 879 1387 977 1454; x_wconf 86' lang='lat' dir='ltr'><strong>quarn</strong></span> <span class='ocrx_word' id='word_1_77' title='bbox 1001 1362 1151 1443; x_wconf 66' lang='lat' dir='ltr'><strong>decrevit</strong></span> <span class='ocrx_word' id='word_1_78' title='bbox 1168 1372 1199 1429; x_wconf 90' lang='lat' dir='ltr'><strong>et</strong></span> <span class='ocrx_word' id='word_1_79' title='bbox 1215 1362 1380 1451; x_wconf 81' lang='lat' dir='ltr'><strong>Virginitas</strong></span> <span class='ocrx_word' id='word_1_80' title='bbox 1394 1384 1462 1430; x_wconf 68' lang='lat' dir='ltr'><strong>am⁴</strong></span> 
     </span>
     <span class='ocr_line' id='line_1_10' title="bbox 242 1456 1437 1549; baseline 0.002 -28"><span class='ocrx_word' id='word_1_81' title='bbox 242 1456 337 1541; x_wconf 85' lang='lat' dir='ltr'><strong>mina,</strong></span> <span class='ocrx_word' id='word_1_82' title='bbox 363 1479 419 1548; x_wconf 89' lang='lat' dir='ltr'><strong>per</strong></span> <span class='ocrx_word' id='word_1_83' title='bbox 443 1482 538 1549; x_wconf 91' lang='lat' dir='ltr'><strong>quam</strong></span> <span class='ocrx_word' id='word_1_84' title='bbox 564 1458 680 1527; x_wconf 90' lang='lat' dir='ltr'><strong>mortui</strong></span> <span class='ocrx_word' id='word_1_85' title='bbox 705 1478 828 1539; x_wconf 74' lang='lat' dir='ltr'><strong>sumuS,</strong></span> <span class='ocrx_word' id='word_1_86' title='bbox 875 1459 972 1548; x_wconf 86' lang='lat' dir='ltr'><strong>plinta</strong></span> <span class='ocrx_word' id='word_1_87' title='bbox 995 1466 1043 1523; x_wconf 92' lang='lat' dir='ltr'><strong>est</strong></span> <span class='ocrx_word' id='word_1_88' title='bbox 1066 1457 1182 1547; x_wconf 92' lang='lat' dir='ltr'><strong>potius,</strong></span> <span class='ocrx_word' id='word_1_89' title='bbox 1198 1477 1296 1546; x_wconf 91' lang='lat' dir='ltr'><strong>quam</strong></span> <span class='ocrx_word' id='word_1_90' title='bbox 1320 1456 1437 1547; x_wconf 83' lang='lat' dir='ltr'><strong>iugata.</strong></span> 
     </span>
     <span class='ocr_line' id='line_1_11' title="bbox 234 1548 1230 1643; baseline 0 -28"><span class='ocrx_word' id='word_1_91' title='bbox 234 1548 273 1615; x_wconf 83' lang='lat' dir='ltr'><strong>-in</strong></span> <span class='ocrx_word' id='word_1_92' title='bbox 305 1548 404 1617; x_wconf 91' lang='lat' dir='ltr'><strong>corde</strong></span> <span class='ocrx_word' id='word_1_93' title='bbox 433 1552 578 1643; x_wconf 80' lang='lat' dir='ltr'>concepit</span> <span class='ocrx_word' id='word_1_94' title='bbox 600 1571 722 1618; x_wconf 78' lang='lat' dir='ltr'><strong>nenena</strong></span> <span class='ocrx_word' id='word_1_95' title='bbox 762 1570 829 1617; x_wconf 90' lang='lat' dir='ltr'><strong>ser·</strong></span> <span class='ocrx_word' id='word_1_96' title='bbox 922 1553 954 1628; x_wconf 71' lang='lat' dir='ltr'><strong>d.</strong></span> <span class='ocrx_word' id='word_1_97' title='bbox 977 1551 1067 1631; x_wconf 84' lang='lat' dir='ltr'><strong>Quae</strong></span> <span class='ocrx_word' id='word_1_98' title='bbox 1089 1560 1138 1616; x_wconf 88' lang='lat' dir='ltr'><strong>est</strong></span> <span class='ocrx_word' id='word_1_99' title='bbox 1164 1548 1230 1615; x_wconf 90' lang='lat' dir='ltr'><strong>ista.</strong></span> 
     </span>
    </p>

    <p class='ocr_par' dir='ltr' id='par_1_3' title="bbox 239 1643 1462 1921">
     <span class='ocr_line' id='line_1_12' title="bbox 239 1643 1273 1735; baseline 0 -28"><span class='ocrx_word' id='word_1_100' title='bbox 239 1644 353 1733; x_wconf 81' lang='lat' dir='ltr'><strong>pentis.</strong></span> <span class='ocrx_word' id='word_1_101' title='bbox 389 1644 548 1713; x_wconf 87' lang='lat' dir='ltr'><strong>Persuasit</strong></span> <span class='ocrx_word' id='word_1_102' title='bbox 572 1644 658 1712; x_wconf 88' lang='lat' dir='ltr'><strong>eninr</strong></span> <span class='ocrx_word' id='word_1_103' title='bbox 698 1664 829 1733; x_wconf 93' lang='lat' dir='ltr'><strong>serpens</strong></span> <span class='ocrx_word' id='word_1_104' title='bbox 1120 1643 1200 1709; x_wconf 80' lang='lat' dir='ltr'><strong>Lect.</strong></span> <span class='ocrx_word' id='word_1_105' title='bbox 1231 1662 1273 1735; x_wconf 73' lang='lat' dir='ltr'><strong>rr.</strong></span> 
     </span>
     <span class='ocr_line' id='line_1_13' title="bbox 239 1687 1462 1826; baseline 0 -23"><span class='ocrx_word' id='word_1_106' title='bbox 239 1746 418 1824; x_wconf 85' lang='lat' dir='ltr'><strong>peccatum,</strong></span> <span class='ocrx_word' id='word_1_107' title='bbox 443 1748 475 1806; x_wconf 89' lang='lat' dir='ltr'><strong>et</strong></span> <span class='ocrx_word' id='word_1_108' title='bbox 490 1738 651 1805; x_wconf 91' lang='lat' dir='ltr'><strong>admissus</strong></span> <span class='ocrx_word' id='word_1_109' title='bbox 668 1745 717 1804; x_wconf 91' lang='lat' dir='ltr'><strong>est</strong></span> <span class='ocrx_word' id='word_1_110' title='bbox 747 1735 829 1803; x_wconf 93' lang='lat' dir='ltr'><strong>male</strong></span> <span class='ocrx_word' id='word_1_111' title='bbox 879 1687 942 1792; x_wconf 76' lang='grc' dir='ltr'><strong>Μ</strong></span> <span class='ocrx_word' id='word_1_112' title='bbox 945 1736 1011 1802; x_wconf 88' lang='lat' dir='ltr'><strong>aria</strong></span> <span class='ocrx_word' id='word_1_113' title='bbox 1028 1756 1124 1825; x_wconf 88' lang='lat' dir='ltr'><strong>quam</strong></span> <span class='ocrx_word' id='word_1_114' title='bbox 1134 1730 1397 1826; x_wconf 80' lang='lat' dir='ltr'><strong>praeclarissimis</strong></span> <span class='ocrx_word' id='word_1_115' title='bbox 1407 1737 1462 1803; x_wconf 59' lang='lat' dir='ltr'><strong>tria</strong></span> 
     </span>
     <span class='ocr_line' id='line_1_14' title="bbox 239 1826 1460 1921; baseline 0.002 -28"><span class='ocrx_word' id='word_1_116' title='bbox 239 1826 387 1897; x_wconf 83' lang='lat' dir='ltr'><strong>suadens.</strong></span> <span class='ocrx_word' id='word_1_117' title='bbox 412 1830 444 1899; x_wconf 93' lang='lat' dir='ltr'><strong>Si</strong></span> <span class='ocrx_word' id='word_1_118' title='bbox 460 1834 583 1921; x_wconf 88' lang='lat' dir='ltr'><strong>primus</strong></span> <span class='ocrx_word' id='word_1_119' title='bbox 599 1842 706 1897; x_wconf 92' lang='lat' dir='ltr'><strong>noster</strong></span> <span class='ocrx_word' id='word_1_120' title='bbox 729 1849 824 1896; x_wconf 92' lang='lat' dir='ltr'><strong>casus</strong></span> <span class='ocrx_word' id='word_1_121' title='bbox 871 1828 936 1896; x_wconf 93' lang='lat' dir='ltr'><strong>bus</strong></span> <span class='ocrx_word' id='word_1_122' title='bbox 959 1828 1051 1895; x_wconf 76' lang='lat' dir='ltr'><strong>bonis</strong></span> <span class='ocrx_word' id='word_1_123' title='bbox 1066 1827 1272 1908; x_wconf 85' lang='lat' dir='ltr'><strong>sublimetur,</strong></span> <span class='ocrx_word' id='word_1_124' title='bbox 1304 1828 1460 1909; x_wconf 86' lang='lat' dir='ltr'><strong>ausculta,</strong></span> 
     </span>
    </p>
   </div>
   <div class='ocr_carea' id='block_1_3' title="bbox 236 1919 1568 2014">
    <p class='ocr_par' dir='ltr' id='par_1_4' title="bbox 236 1919 1568 2014">
     <span class='ocr_line' id='line_1_15' title="bbox 236 1919 1568 2014; baseline 0.005 -29"><span class='ocrx_word' id='word_1_125' title='bbox 236 1921 307 2001; x_wconf 81' lang='lat' dir='ltr'><strong>luit,</strong></span> <span class='ocrx_word' id='word_1_126' title='bbox 333 1942 406 1989; x_wconf 91' lang='lat' dir='ltr'><strong>cum</strong></span> <span class='ocrx_word' id='word_1_127' title='bbox 431 1924 567 1992; x_wconf 87' lang='lat' dir='ltr'><strong>loemiua</strong></span> <span class='ocrx_word' id='word_1_128' title='bbox 585 1922 730 2014; x_wconf 82' lang='lat' dir='ltr'><strong>concepit</strong></span> <span class='ocrx_word' id='word_1_129' title='bbox 752 1941 825 1988; x_wconf 92' lang='lat' dir='ltr'><strong>cor·</strong></span> <span class='ocrx_word' id='word_1_130' title='bbox 872 1921 1074 1989; x_wconf 78' lang='lat' dir='ltr'><strong>salutationis</strong></span> <span class='ocrx_word' id='word_1_131' title='bbox 1112 1920 1290 2011; x_wconf 77' lang='lat' dir='ltr'><strong>Angelicae,</strong></span> <span class='ocrx_word' id='word_1_132' title='bbox 1330 1919 1461 1989; x_wconf 72' lang='lat' dir='ltr'><strong>benedi</strong></span> <span class='ocrx_word' id='word_1_133' title='bbox 1563 2008 1568 2013; x_wconf 14' lang='lat'>⁸</span> 
     </span>
    </p>
   </div>
   <div class='ocr_carea' id='block_1_4' title="bbox 234 2012 1468 4246">
    <p class='ocr_par' dir='ltr' id='par_1_5' title="bbox 236 2012 1462 2845">
     <span class='ocr_line' id='line_1_16' title="bbox 236 2012 1462 2109; baseline 0.002 -30"><span class='ocrx_word' id='word_1_134' title='bbox 236 2012 277 2081; x_wconf 92' lang='lat' dir='ltr'><strong>de</strong></span> <span class='ocrx_word' id='word_1_135' title='bbox 302 2036 422 2084; x_wconf 85' lang='lat' dir='ltr'><strong>venena</strong></span> <span class='ocrx_word' id='word_1_136' title='bbox 438 2017 602 2109; x_wconf 60' lang='lat' dir='ltr'><strong>serpentis</strong></span> <span class='ocrx_word' id='word_1_137' title='bbox 619 2036 682 2083; x_wconf 93' lang='lat' dir='ltr'><strong>non</strong></span> <span class='ocrx_word' id='word_1_138' title='bbox 708 2016 824 2101; x_wconf 86' lang='lat' dir='ltr'><strong>miran-</strong></span> <span class='ocrx_word' id='word_1_139' title='bbox 870 2015 983 2081; x_wconf 88' lang='lat' dir='ltr'><strong>ctionis</strong></span> <span class='ocrx_word' id='word_1_140' title='bbox 1013 2013 1159 2094; x_wconf 83' lang='lat' dir='ltr'><strong>divinae,</strong></span> <span class='ocrx_word' id='word_1_141' title='bbox 1187 2025 1218 2080; x_wconf 90' lang='grc' dir='ltr'><strong>ει</strong></span> <span class='ocrx_word' id='word_1_142' title='bbox 1258 2013 1462 2103; x_wconf 83' lang='lat' dir='ltr'><strong>plenitudinis</strong></span> 
     </span>
     <span class='ocr_line' id='line_1_17' title="bbox 237 2104 1462 2199; baseline 0.003 -28"><span class='ocrx_word' id='word_1_143' title='bbox 237 2104 328 2187; x_wconf 90' lang='lat' dir='ltr'><strong>dum,</strong></span> <span class='ocrx_word' id='word_1_144' title='bbox 370 2108 457 2199; x_wconf 89' lang='lat' dir='ltr'><strong>quod</strong></span> <span class='ocrx_word' id='word_1_145' title='bbox 482 2110 570 2177; x_wconf 88' lang='lat' dir='ltr'><strong>salus</strong></span> <span class='ocrx_word' id='word_1_146' title='bbox 596 2120 702 2176; x_wconf 85' lang='lat' dir='ltr'><strong>nostra</strong></span> <span class='ocrx_word' id='word_1_147' title='bbox 741 2109 822 2175; x_wconf 87' lang='lat' dir='ltr'><strong>lacta</strong></span> <span class='ocrx_word' id='word_1_148' title='bbox 869 2108 996 2199; x_wconf 89' lang='lat' dir='ltr'><strong>gratiae.</strong></span> <span class='ocrx_word' id='word_1_149' title='bbox 1026 2108 1080 2173; x_wconf 87' lang='lat' dir='ltr'><strong>Sic</strong></span> <span class='ocrx_word' id='word_1_150' title='bbox 1114 2107 1197 2173; x_wconf 90' lang='lat' dir='ltr'><strong>enim</strong></span> <span class='ocrx_word' id='word_1_151' title='bbox 1238 2116 1309 2174; x_wconf 86' lang='lat' dir='ltr'><strong>earn&#39;</strong></span> <span class='ocrx_word' id='word_1_152' title='bbox 1347 2107 1462 2196; x_wconf 84' lang='lat' dir='ltr'><strong>legitur</strong></span> 
     </span>
     <span class='ocr_line' id='line_1_18' title="bbox 237 2199 1461 2291; baseline 0.002 -26"><span class='ocrx_word' id='word_1_153' title='bbox 237 2210 297 2285; x_wconf 78' lang='lat' dir='ltr'><strong>est,</strong></span> <span class='ocrx_word' id='word_1_154' title='bbox 332 2220 405 2269; x_wconf 93' lang='lat' dir='ltr'><strong>cunr</strong></span> <span class='ocrx_word' id='word_1_155' title='bbox 448 2202 582 2271; x_wconf 88' lang='lat' dir='ltr'><strong>loemina</strong></span> <span class='ocrx_word' id='word_1_156' title='bbox 607 2204 752 2291; x_wconf 87' lang='lat' dir='ltr'><strong>concepit</strong></span> <span class='ocrx_word' id='word_1_157' title='bbox 791 2202 823 2267; x_wconf 92' lang='lat' dir='ltr'><strong>in</strong></span> <span class='ocrx_word' id='word_1_158' title='bbox 871 2200 1034 2268; x_wconf 89' lang='lat' dir='ltr'><strong>salutasse:</strong></span> <span class='ocrx_word' id='word_1_159' title='bbox 1051 2205 1118 2267; x_wconf 79' lang='lat' dir='ltr'><strong>Ave</strong></span> <span class='ocrx_word' id='word_1_160' title='bbox 1134 2199 1228 2266; x_wconf 84' lang='lat' dir='ltr'><strong>llaria</strong></span> <span class='ocrx_word' id='word_1_161' title='bbox 1244 2200 1342 2287; x_wconf 87' lang='lat' dir='ltr'><strong>gratia</strong></span> <span class='ocrx_word' id='word_1_162' title='bbox 1356 2201 1461 2291; x_wconf 93' lang='lat' dir='ltr'><strong>plena,</strong></span> 
     </span>
     <span class='ocr_line' id='line_1_19' title="bbox 236 2291 1462 2386; baseline 0.003 -29"><span class='ocrx_word' id='word_1_163' title='bbox 236 2302 331 2361; x_wconf 86' lang='lat' dir='ltr'><strong>utero</strong></span> <span class='ocrx_word' id='word_1_164' title='bbox 343 2313 469 2363; x_wconf 87' lang='lat' dir='ltr'><strong>carnem</strong></span> <span class='ocrx_word' id='word_1_165' title='bbox 483 2296 724 2386; x_wconf 89' lang='lat' dir='ltr'><strong>Omnipotcntis·</strong></span> <span class='ocrx_word' id='word_1_166' title='bbox 736 2295 822 2364; x_wconf 90' lang='lat' dir='ltr'><strong>Uter·</strong></span> <span class='ocrx_word' id='word_1_167' title='bbox 873 2293 1039 2361; x_wconf 87' lang='lat' dir='ltr'><strong>benedicta</strong></span> <span class='ocrx_word' id='word_1_168' title='bbox 1055 2292 1300 2359; x_wconf 87' lang='lat' dir='ltr'><strong>interllulieres.</strong></span> <span class='ocrx_word' id='word_1_169' title='bbox 1324 2291 1344 2335; x_wconf 77' lang='lat'><em>*</em></span> <span class='ocrx_word' id='word_1_170' title='bbox 1371 2293 1412 2359; x_wconf 85' lang='lat' dir='ltr'><strong>llt</strong></span> <span class='ocrx_word' id='word_1_171' title='bbox 1425 2303 1462 2361; x_wconf 93' lang='lat' dir='ltr'><strong>ut</strong></span> 
     </span>
     <span class='ocr_line' id='line_1_20' title="bbox 238 2384 1462 2477; baseline 0.002 -27"><span class='ocrx_word' id='word_1_172' title='bbox 238 2406 303 2473; x_wconf 91' lang='lat' dir='ltr'><strong>que</strong></span> <span class='ocrx_word' id='word_1_173' title='bbox 343 2388 499 2457; x_wconf 81' lang='lat' dir='ltr'><strong>ceciderat</strong></span> <span class='ocrx_word' id='word_1_174' title='bbox 545 2410 649 2457; x_wconf 85' lang='lat' dir='ltr'><strong>sexus:</strong></span> <span class='ocrx_word' id='word_1_175' title='bbox 691 2398 826 2477; x_wconf 88' lang='lat' dir='ltr'><strong>uterque</strong></span> <span class='ocrx_word' id='word_1_176' title='bbox 872 2386 948 2452; x_wconf 90' lang='lat' dir='ltr'><strong>nihil</strong></span> <span class='ocrx_word' id='word_1_177' title='bbox 972 2406 1036 2453; x_wconf 92' lang='lat' dir='ltr'><strong>non</strong></span> <span class='ocrx_word' id='word_1_178' title='bbox 1059 2384 1196 2454; x_wconf 91' lang='lat' dir='ltr'><strong>sublime</strong></span> <span class='ocrx_word' id='word_1_179' title='bbox 1219 2394 1302 2453; x_wconf 89' lang='lat' dir='ltr'><strong>esset</strong></span> <span class='ocrx_word' id='word_1_180' title='bbox 1331 2385 1363 2453; x_wconf 91' lang='lat' dir='ltr'><strong>in</strong></span> <span class='ocrx_word' id='word_1_181' title='bbox 1401 2384 1462 2454; x_wconf 86' lang='lat' dir='ltr'><strong>hac</strong></span> 
     </span>
     <span class='ocr_line' id='line_1_21' title="bbox 237 2476 1462 2571; baseline 0.003 -28"><span class='ocrx_word' id='word_1_182' title='bbox 237 2476 341 2546; x_wconf 85' lang='lat' dir='ltr'><strong>luerat</strong></span> <span class='ocrx_word' id='word_1_183' title='bbox 357 2480 560 2571; x_wconf 85' lang='lat' dir='ltr'><strong>reparandus.</strong></span> <span class='ocrx_word' id='word_1_184' title='bbox 579 2484 637 2549; x_wconf 85' lang='lat' dir='ltr'><strong>Per·</strong></span> <span class='ocrx_word' id='word_1_185' title='bbox 653 2477 817 2549; x_wconf 88' lang='lat' dir='ltr'><strong>mulierem</strong></span> <span class='ocrx_word' id='word_1_186' title='bbox 866 2479 1067 2546; x_wconf 80' lang='lat' dir='ltr'><strong>sanctissima</strong></span> <span class='ocrx_word' id='word_1_187' title='bbox 1090 2479 1227 2568; x_wconf 80' lang='lat' dir='ltr'><strong>Virgine,</strong></span> <span class='ocrx_word' id='word_1_188' title='bbox 1244 2499 1340 2568; x_wconf 90' lang='lat' dir='ltr'><strong>quam</strong></span> <span class='ocrx_word' id='word_1_189' title='bbox 1358 2483 1462 2567; x_wconf 77' lang='lat' dir='ltr'><strong>Ange·</strong></span> 
     </span>
     <span class='ocr_line' id='line_1_22' title="bbox 236 2570 1462 2665; baseline 0.002 -30"><span class='ocrx_word' id='word_1_190' title='bbox 236 2572 271 2635; x_wconf 94' lang='lat' dir='ltr'><strong>iu</strong></span> <span class='ocrx_word' id='word_1_191' title='bbox 296 2574 456 2643; x_wconf 87' lang='lat' dir='ltr'><strong>interitum</strong></span> <span class='ocrx_word' id='word_1_192' title='bbox 482 2577 567 2643; x_wconf 86' lang='lat' dir='ltr'><strong>missi</strong></span> <span class='ocrx_word' id='word_1_193' title='bbox 599 2596 735 2659; x_wconf 84' lang='lat' dir='ltr'><strong>eramus:</strong></span> <span class='ocrx_word' id='word_1_194' title='bbox 765 2596 823 2665; x_wconf 91' lang='lat' dir='ltr'><strong>per</strong></span> <span class='ocrx_word' id='word_1_195' title='bbox 869 2572 921 2639; x_wconf 92' lang='lat' dir='ltr'><strong>lus</strong></span> <span class='ocrx_word' id='word_1_196' title='bbox 944 2574 1042 2661; x_wconf 85' lang='lat' dir='ltr'><strong>gratia</strong></span> <span class='ocrx_word' id='word_1_197' title='bbox 1065 2571 1189 2661; x_wconf 82' lang='lat' dir='ltr'><strong>plenam</strong></span> <span class='ocrx_word' id='word_1_198' title='bbox 1214 2570 1371 2651; x_wconf 85' lang='lat' dir='ltr'><strong>salutavit,</strong></span> <span class='ocrx_word' id='word_1_199' title='bbox 1396 2591 1462 2639; x_wconf 90' lang='lat' dir='ltr'><strong>non</strong></span> 
     </span>
     <span class='ocr_line' id='line_1_23' title="bbox 237 2662 1461 2743; baseline 0.002 -14"><span class='ocrx_word' id='word_1_200' title='bbox 237 2667 402 2735; x_wconf 92' lang='lat' dir='ltr'><strong>mulierem</strong></span> <span class='ocrx_word' id='word_1_201' title='bbox 420 2668 511 2736; x_wconf 89' lang='lat' dir='ltr'><strong>uobis</strong></span> <span class='ocrx_word' id='word_1_202' title='bbox 529 2666 650 2735; x_wconf 89' lang='lat' dir='ltr'><strong>reddita</strong></span> <span class='ocrx_word' id='word_1_203' title='bbox 666 2678 715 2735; x_wconf 92' lang='lat' dir='ltr'><strong>est</strong></span> <span class='ocrx_word' id='word_1_204' title='bbox 730 2668 825 2734; x_wconf 89' lang='lat' dir='ltr'><strong>salus.</strong></span> <span class='ocrx_word' id='word_1_205' title='bbox 874 2667 942 2732; x_wconf 87' lang='lat' dir='ltr'><strong>sine</strong></span> <span class='ocrx_word' id='word_1_206' title='bbox 966 2665 1082 2730; x_wconf 89' lang='lat' dir='ltr'><strong>Divino</strong></span> <span class='ocrx_word' id='word_1_207' title='bbox 1105 2662 1238 2729; x_wconf 88' lang='lat' dir='ltr'><strong>consilio</strong></span> <span class='ocrx_word' id='word_1_208' title='bbox 1263 2662 1382 2730; x_wconf 87' lang='lat' dir='ltr'><strong>lactum</strong></span> <span class='ocrx_word' id='word_1_209' title='bbox 1401 2673 1461 2743; x_wconf 87' lang='lat' dir='ltr'><strong>est,</strong></span> 
     </span>
     <span class='ocr_line' id='line_1_24' title="bbox 286 2753 1461 2845; baseline -0.003 -19"><span class='ocrx_word' id='word_1_210' title='bbox 286 2763 319 2839; x_wconf 69' lang='lat' dir='ltr'><strong>tl.</strong></span> <span class='ocrx_word' id='word_1_211' title='bbox 342 2761 432 2828; x_wconf 88' lang='lat' dir='ltr'><strong>Sicut</strong></span> <span class='ocrx_word' id='word_1_212' title='bbox 455 2762 585 2829; x_wconf 84' lang='lat' dir='ltr'><strong>Codrus.</strong></span> <span class='ocrx_word' id='word_1_213' title='bbox 870 2764 907 2827; x_wconf 88' lang='lat' dir='ltr'><strong>ut</strong></span> <span class='ocrx_word' id='word_1_214' title='bbox 930 2757 999 2845; x_wconf 89' lang='lat' dir='ltr'><strong>ejus</strong></span> <span class='ocrx_word' id='word_1_215' title='bbox 1022 2756 1114 2823; x_wconf 90' lang='lat' dir='ltr'><strong>etiam</strong></span> <span class='ocrx_word' id='word_1_216' title='bbox 1145 2753 1296 2843; x_wconf 86' lang='lat' dir='ltr'><strong>imagines</strong></span> <span class='ocrx_word' id='word_1_217' title='bbox 1333 2776 1461 2823; x_wconf 84' lang='lat' dir='ltr'><strong>summo</strong></span> 
     </span>
    </p>

    <p class='ocr_par' dir='ltr' id='par_1_6' title="bbox 234 2846 1468 4246">
     <span class='ocr_line' id='line_1_25' title="bbox 251 2846 1460 2941; baseline -0.006 -20"><span class='ocrx_word' id='word_1_218' title='bbox 251 2926 254 2932; x_wconf 70' lang='grc'>,</span> <span class='ocrx_word' id='word_1_219' title='bbox 451 2855 556 2923; x_wconf 62' lang='lat' dir='ltr'><strong>[tectio</strong></span> <span class='ocrx_word' id='word_1_220' title='bbox 587 2874 617 2917; x_wconf 89' lang='lat' dir='ltr'><strong>r.</strong></span> <span class='ocrx_word' id='word_1_221' title='bbox 874 2860 981 2919; x_wconf 86' lang='lat' dir='ltr'><strong>essent</strong></span> <span class='ocrx_word' id='word_1_222' title='bbox 1006 2848 1035 2915; x_wconf 95' lang='lat' dir='ltr'><strong>in</strong></span> <span class='ocrx_word' id='word_1_223' title='bbox 1075 2846 1206 2927; x_wconf 90' lang='lat' dir='ltr'><strong>honore,</strong></span> <span class='ocrx_word' id='word_1_224' title='bbox 1241 2857 1273 2915; x_wconf 93' lang='lat' dir='ltr'><strong>et</strong></span> <span class='ocrx_word' id='word_1_225' title='bbox 1308 2846 1460 2941; x_wconf 83' lang='lat' dir='ltr'><strong>prodigiis</strong></span> 
     </span>
     <span class='ocr_line' id='line_1_26' title="bbox 287 2940 1460 3037; baseline 0.001 -28"><span class='ocrx_word' id='word_1_226' title='bbox 287 2940 335 3011; x_wconf 90' lang='lat' dir='ltr'><strong>De</strong></span> <span class='ocrx_word' id='word_1_227' title='bbox 358 2944 511 3017; x_wconf 86' lang='lat' dir='ltr'><strong>Sermone</strong></span> <span class='ocrx_word' id='word_1_228' title='bbox 528 2947 558 3012; x_wconf 86' lang='lat' dir='ltr'><strong>S.</strong></span> <span class='ocrx_word' id='word_1_229' title='bbox 576 2942 729 3031; x_wconf 86' lang='lat' dir='ltr'><strong>Fulgentii</strong></span> <span class='ocrx_word' id='word_1_230' title='bbox 753 2944 826 3037; x_wconf 89' lang='lat' dir='ltr'><strong>Epi·</strong></span> <span class='ocrx_word' id='word_1_231' title='bbox 874 2943 1098 3031; x_wconf 86' lang='lat' dir='ltr'><strong>miraculisque</strong></span> <span class='ocrx_word' id='word_1_232' title='bbox 1122 2941 1338 3009; x_wconf 87' lang='lat' dir='ltr'><strong>clarescerent.</strong></span> <span class='ocrx_word' id='word_1_233' title='bbox 1371 2941 1460 3024; x_wconf 83' lang='lat' dir='ltr'><strong>Quas</strong></span> 
     </span>
     <span class='ocr_line' id='line_1_27' title="bbox 238 3032 1459 3128; baseline 0.002 -27"><span class='ocrx_word' id='word_1_234' title='bbox 238 3037 338 3128; x_wconf 88' lang='lat' dir='ltr'><strong>scopi.</strong></span> <span class='ocrx_word' id='word_1_235' title='bbox 362 3040 410 3107; x_wconf 87' lang='lat' dir='ltr'><strong>De</strong></span> <span class='ocrx_word' id='word_1_236' title='bbox 450 3039 594 3107; x_wconf 81' lang='lat' dir='ltr'><strong>leodibus</strong></span> <span class='ocrx_word' id='word_1_237' title='bbox 633 3036 759 3106; x_wconf 81' lang='lat' dir='ltr'><strong>Mariae</strong></span> <span class='ocrx_word' id='word_1_238' title='bbox 782 3061 823 3107; x_wconf 82' lang='lat' dir='ltr'><strong>ec</strong></span> <span class='ocrx_word' id='word_1_239' title='bbox 870 3037 960 3116; x_wconf 91' lang='lat' dir='ltr'><strong>inter,</strong></span> <span class='ocrx_word' id='word_1_240' title='bbox 983 3057 1021 3105; x_wconf 90' lang='lat' dir='ltr'><strong>ea</strong></span> <span class='ocrx_word' id='word_1_241' title='bbox 1043 3034 1146 3104; x_wconf 89' lang='lat' dir='ltr'><strong>tribus</strong></span> <span class='ocrx_word' id='word_1_242' title='bbox 1169 3032 1210 3102; x_wconf 91' lang='lat' dir='ltr'><strong>ab</strong></span> <span class='ocrx_word' id='word_1_243' title='bbox 1233 3032 1307 3104; x_wconf 91' lang='lat' dir='ltr'><strong>hinc</strong></span> <span class='ocrx_word' id='word_1_244' title='bbox 1322 3036 1459 3104; x_wconf 82' lang='lat' dir='ltr'><strong>saeculis</strong></span> 
     </span>
     <span class='ocr_line' id='line_1_28' title="bbox 418 3127 1459 3222; baseline 0 -24"><span class='ocrx_word' id='word_1_245' title='bbox 418 3144 515 3222; x_wconf 84' lang='lat' dir='ltr'><strong>partu</strong></span> <span class='ocrx_word' id='word_1_246' title='bbox 551 3128 728 3200; x_wconf 78' lang='lat' dir='ltr'><strong>Solnatom&#39;s</strong></span> <span class='ocrx_word' id='word_1_247' title='bbox 872 3131 1047 3220; x_wconf 89' lang='lat' dir='ltr'><strong>praecipuo</strong></span> <span class='ocrx_word' id='word_1_248' title='bbox 1071 3128 1192 3197; x_wconf 91' lang='lat' dir='ltr'><strong>honore</strong></span> <span class='ocrx_word' id='word_1_249' title='bbox 1215 3127 1341 3212; x_wconf 88' lang='lat' dir='ltr'><strong>colitur,</strong></span> <span class='ocrx_word' id='word_1_250' title='bbox 1374 3150 1459 3219; x_wconf 90' lang='lat' dir='ltr'><strong>quae</strong></span> 
     </span>
     <span class='ocr_line' id='line_1_29' title="bbox 240 3178 1461 3319; baseline -0.004 -26"><span class='ocrx_word' id='word_1_251' title='bbox 240 3178 427 3319; x_wconf 66' lang='lat' dir='ltr'><strong>Quoniam</strong></span> <span class='ocrx_word' id='word_1_252' title='bbox 467 3224 618 3293; x_wconf 87' lang='lat' dir='ltr'><strong>Diabolus</strong></span> <span class='ocrx_word' id='word_1_253' title='bbox 655 3246 713 3315; x_wconf 93' lang='lat' dir='ltr'><strong>per</strong></span> <span class='ocrx_word' id='word_1_254' title='bbox 752 3224 824 3311; x_wconf 79' lang='lat' dir='ltr'><strong>Ser·</strong></span> <span class='ocrx_word' id='word_1_255' title='bbox 870 3222 970 3289; x_wconf 90' lang='lat' dir='ltr'><strong>Paulo</strong></span> <span class='ocrx_word' id='word_1_256' title='bbox 994 3202 1142 3290; x_wconf 72' lang='lat' dir='ltr'><strong>Secundo</strong></span> <span class='ocrx_word' id='word_1_257' title='bbox 1165 3221 1305 3302; x_wconf 82' lang='lat' dir='ltr'><strong>sedente,</strong></span> <span class='ocrx_word' id='word_1_258' title='bbox 1334 3220 1461 3291; x_wconf 84' lang='lat' dir='ltr'><strong>mirabi-</strong></span> 
     </span>
     <span class='ocr_line' id='line_1_30' title="bbox 238 3314 1461 3410; baseline -0.004 -22"><span class='ocrx_word' id='word_1_259' title='bbox 238 3330 365 3409; x_wconf 85' lang='lat' dir='ltr'><strong>pentem</strong></span> <span class='ocrx_word' id='word_1_260' title='bbox 382 3320 466 3387; x_wconf 86' lang='lat' dir='ltr'><strong>Evae</strong></span> <span class='ocrx_word' id='word_1_261' title='bbox 482 3320 648 3410; x_wconf 89' lang='lat' dir='ltr'><strong>loquutus,</strong></span> <span class='ocrx_word' id='word_1_262' title='bbox 664 3338 722 3410; x_wconf 90' lang='lat' dir='ltr'><strong>per</strong></span> <span class='ocrx_word' id='word_1_263' title='bbox 738 3319 822 3385; x_wconf 81' lang='lat' dir='ltr'><strong>Evae</strong></span> <span class='ocrx_word' id='word_1_264' title='bbox 867 3316 938 3384; x_wconf 88' lang='lat' dir='ltr'><strong>liter</strong></span> <span class='ocrx_word' id='word_1_265' title='bbox 960 3317 1149 3406; x_wconf 81' lang='lat' dir='ltr'><strong>apparuisse</strong></span> <span class='ocrx_word' id='word_1_266' title='bbox 1165 3314 1196 3380; x_wconf 90' lang='lat' dir='ltr'><strong>in</strong></span> <span class='ocrx_word' id='word_1_267' title='bbox 1214 3316 1337 3405; x_wconf 83' lang='lat' dir='ltr'><strong>pariete</strong></span> <span class='ocrx_word' id='word_1_268' title='bbox 1353 3314 1461 3383; x_wconf 77' lang='lat' dir='ltr'><strong>Eccle-</strong></span> 
     </span>
     <span class='ocr_line' id='line_1_31' title="bbox 240 3405 1463 3491; baseline 0.002 -14"><span class='ocrx_word' id='word_1_269' title='bbox 240 3434 336 3481; x_wconf 90' lang='lat' dir='ltr'><strong>aures</strong></span> <span class='ocrx_word' id='word_1_270' title='bbox 376 3410 494 3482; x_wconf 88' lang='lat' dir='ltr'><strong>llundo</strong></span> <span class='ocrx_word' id='word_1_271' title='bbox 535 3412 639 3480; x_wconf 90' lang='lat' dir='ltr'><strong>intulit</strong></span> <span class='ocrx_word' id='word_1_272' title='bbox 683 3421 827 3491; x_wconf 91' lang='lat' dir='ltr'><strong>mortem,</strong></span> <span class='ocrx_word' id='word_1_273' title='bbox 877 3411 944 3476; x_wconf 90' lang='lat' dir='ltr'><strong>siae</strong></span> <span class='ocrx_word' id='word_1_274' title='bbox 966 3411 1095 3475; x_wconf 84' lang='lat' dir='ltr'><strong>Petrum</strong></span> <span class='ocrx_word' id='word_1_275' title='bbox 1112 3405 1241 3474; x_wconf 87' lang='lat' dir='ltr'><strong>Ordinis</strong></span> <span class='ocrx_word' id='word_1_276' title='bbox 1252 3408 1463 3479; x_wconf 85' lang='lat' dir='ltr'><strong>Eremitarum</strong></span> 
     </span>
     <span class='ocr_line' id='line_1_32' title="bbox 243 3499 1463 3596; baseline 0.002 -27"><span class='ocrx_word' id='word_1_277' title='bbox 243 3505 331 3573; x_wconf 87' lang='lat' dir='ltr'><strong>Deus</strong></span> <span class='ocrx_word' id='word_1_278' title='bbox 357 3526 415 3596; x_wconf 91' lang='lat' dir='ltr'><strong>per</strong></span> <span class='ocrx_word' id='word_1_279' title='bbox 445 3506 601 3594; x_wconf 83' lang='lat' dir='ltr'><strong>Angelum</strong></span> <span class='ocrx_word' id='word_1_280' title='bbox 628 3503 667 3571; x_wconf 92' lang='lat' dir='ltr'><strong>ad</strong></span> <span class='ocrx_word' id='word_1_281' title='bbox 700 3504 828 3572; x_wconf 86' lang='lat' dir='ltr'><strong>llariem</strong></span> <span class='ocrx_word' id='word_1_282' title='bbox 878 3500 1159 3591; x_wconf 74' lang='lat' dir='ltr'><strong>Sanctinugnstiui</strong></span> <span class='ocrx_word' id='word_1_283' title='bbox 1174 3499 1203 3565; x_wconf 92' lang='lat' dir='ltr'><strong>in</strong></span> <span class='ocrx_word' id='word_1_284' title='bbox 1216 3499 1342 3593; x_wconf 91' lang='lat' dir='ltr'><strong>Oppido</strong></span> <span class='ocrx_word' id='word_1_285' title='bbox 1359 3501 1463 3571; x_wconf 86' lang='lat' dir='ltr'><strong>Gene-</strong></span> 
     </span>
     <span class='ocr_line' id='line_1_33' title="bbox 243 3594 1462 3687; baseline 0 -24"><span class='ocrx_word' id='word_1_286' title='bbox 243 3597 373 3687; x_wconf 83' lang='lat' dir='ltr'><strong>pertulit</strong></span> <span class='ocrx_word' id='word_1_287' title='bbox 396 3598 540 3679; x_wconf 89' lang='lat' dir='ltr'><strong>verbum,</strong></span> <span class='ocrx_word' id='word_1_288' title='bbox 565 3610 597 3667; x_wconf 89' lang='lat' dir='ltr'><strong>et</strong></span> <span class='ocrx_word' id='word_1_289' title='bbox 611 3600 734 3667; x_wconf 88' lang='lat' dir='ltr'><strong>cunctis</strong></span> <span class='ocrx_word' id='word_1_290' title='bbox 757 3620 826 3665; x_wconf 89' lang='lat' dir='ltr'><strong>sae-</strong></span> <span class='ocrx_word' id='word_1_291' title='bbox 874 3598 956 3662; x_wconf 90' lang='lat' dir='ltr'><strong>stani</strong></span> <span class='ocrx_word' id='word_1_292' title='bbox 981 3595 1200 3663; x_wconf 88' lang='lat' dir='ltr'><strong>Praenestinae</strong></span> <span class='ocrx_word' id='word_1_293' title='bbox 1223 3594 1405 3675; x_wconf 86' lang='lat' dir='ltr'><strong>Dioecesis,</strong></span> <span class='ocrx_word' id='word_1_294' title='bbox 1429 3603 1462 3663; x_wconf 81' lang='lat' dir='ltr'><strong>et</strong></span> 
     </span>
     <span class='ocr_line' id='line_1_34' title="bbox 243 3684 1460 3780; baseline -0.002 -23"><span class='ocrx_word' id='word_1_295' title='bbox 243 3689 327 3757; x_wconf 91' lang='lat' dir='ltr'><strong>culis</strong></span> <span class='ocrx_word' id='word_1_296' title='bbox 351 3693 445 3757; x_wconf 88' lang='lat' dir='ltr'><strong>vitam</strong></span> <span class='ocrx_word' id='word_1_297' title='bbox 462 3690 581 3759; x_wconf 86' lang='lat' dir='ltr'><strong>elludit.</strong></span> <span class='ocrx_word' id='word_1_298' title='bbox 598 3690 737 3778; x_wconf 75' lang='lat' dir='ltr'><strong>Angelus</strong></span> <span class='ocrx_word' id='word_1_299' title='bbox 761 3712 827 3758; x_wconf 91' lang='lat' dir='ltr'><strong>ser·</strong></span> <span class='ocrx_word' id='word_1_300' title='bbox 873 3684 1044 3780; x_wconf 83' lang='lat' dir='ltr'><strong>pontificiis</strong></span> <span class='ocrx_word' id='word_1_301' title='bbox 1070 3686 1320 3778; x_wconf 85' lang='lat' dir='ltr'><strong>diplomatibus,</strong></span> <span class='ocrx_word' id='word_1_302' title='bbox 1336 3696 1368 3756; x_wconf 90' lang='lat' dir='ltr'><strong>et</strong></span> <span class='ocrx_word' id='word_1_303' title='bbox 1382 3706 1460 3779; x_wconf 81' lang='lat' dir='ltr'><strong>aup-</strong></span> 
     </span>
     <span class='ocr_line' id='line_1_35' title="bbox 234 3776 1468 3879; baseline -0.005 -28"><span class='ocrx_word' id='word_1_304' title='bbox 234 3800 367 3865; x_wconf 66' lang='lat' dir='ltr'><strong>⁴monem</strong></span> <span class='ocrx_word' id='word_1_305' title='bbox 392 3785 490 3879; x_wconf 89' lang='lat' dir='ltr'><strong>ejecit,</strong></span> <span class='ocrx_word' id='word_1_306' title='bbox 507 3795 539 3852; x_wconf 90' lang='grc' dir='ltr'><strong>ει</strong></span> <span class='ocrx_word' id='word_1_307' title='bbox 550 3783 709 3867; x_wconf 88' lang='lat' dir='ltr'><strong>Christum</strong></span> <span class='ocrx_word' id='word_1_308' title='bbox 733 3782 828 3871; x_wconf 80' lang='lat' dir='ltr'><strong>Virgo</strong></span> <span class='ocrx_word' id='word_1_309' title='bbox 874 3780 1004 3873; x_wconf 86' lang='lat' dir='ltr'><strong>paribus</strong></span> <span class='ocrx_word' id='word_1_310' title='bbox 1013 3776 1468 3871; x_wconf 78' lang='lat' dir='ltr'><strong>monumentiscomprobatnn</strong></span> 
     </span>
     <span class='ocr_line' id='line_1_36' title="bbox 240 3871 1459 3968; baseline -0.003 -25"><span class='ocrx_word' id='word_1_311' title='bbox 240 3876 399 3965; x_wconf 89' lang='lat' dir='ltr'><strong>concepit.</strong></span> <span class='ocrx_word' id='word_1_312' title='bbox 423 3876 492 3957; x_wconf 85' lang='lat' dir='ltr'><strong>Hoc</strong></span> <span class='ocrx_word' id='word_1_313' title='bbox 516 3874 687 3968; x_wconf 90' lang='lat' dir='ltr'><strong>splendore</strong></span> <span class='ocrx_word' id='word_1_314' title='bbox 719 3876 827 3941; x_wconf 87' lang='lat' dir='ltr'><strong>conci·</strong></span> <span class='ocrx_word' id='word_1_315' title='bbox 867 3873 997 3955; x_wconf 85' lang='lat' dir='ltr'><strong>&#39;Quibus</strong></span> <span class='ocrx_word' id='word_1_316' title='bbox 1008 3883 1171 3967; x_wconf 87' lang='lat' dir='ltr'><strong>permotus</strong></span> <span class='ocrx_word' id='word_1_317' title='bbox 1184 3873 1274 3943; x_wconf 86' lang='lat' dir='ltr'><strong>rttts</strong></span> <span class='ocrx_word' id='word_1_318' title='bbox 1288 3873 1391 3939; x_wconf 75' lang='lat' dir='ltr'><strong>Part</strong></span> <span class='ocrx_word' id='word_1_319' title='bbox 1407 3871 1459 3939; x_wconf 81' lang='lat' dir='ltr'><strong>tt.</strong></span> 
     </span>
     <span class='ocr_line' id='line_1_37' title="bbox 240 3963 1457 4126; baseline -0.001 -92"><span class='ocrx_word' id='word_1_320' title='bbox 240 3970 328 4059; x_wconf 90' lang='lat' dir='ltr'><strong>pitur</strong></span> <span class='ocrx_word' id='word_1_321' title='bbox 363 3968 417 4037; x_wconf 91' lang='lat' dir='ltr'><strong>Dei</strong></span> <span class='ocrx_word' id='word_1_322' title='bbox 442 3968 631 4051; x_wconf 49' lang='lat' dir='ltr'><strong>Filiusrhac</strong></span> <span class='ocrx_word' id='word_1_323' title='bbox 672 3966 825 4035; x_wconf 89' lang='lat' dir='ltr'><strong>munditia</strong></span> <span class='ocrx_word' id='word_1_324' title='bbox 870 3967 1019 4126; x_wconf 77' lang='lat' dir='ltr'><strong>praelatis</strong></span> <span class='ocrx_word' id='word_1_325' title='bbox 1043 3966 1183 4057; x_wconf 88' lang='lat' dir='ltr'><strong>ejusdem</strong></span> <span class='ocrx_word' id='word_1_326' title='bbox 1201 3963 1317 4056; x_wconf 90' lang='lat' dir='ltr'><strong>Oppidi</strong></span> <span class='ocrx_word' id='word_1_327' title='bbox 1334 3963 1457 4033; x_wconf 81' lang='lat' dir='ltr'><strong>Coeno·</strong></span> 
     </span>
     <span class='ocr_line' id='line_1_38' title="bbox 240 4058 1459 4151; baseline -0.005 -20"><span class='ocrx_word' id='word_1_328' title='bbox 240 4074 419 4151; x_wconf 82' lang='lat' dir='ltr'><strong>generatur.</strong></span> <span class='ocrx_word' id='word_1_329' title='bbox 453 4062 500 4130; x_wconf 88' lang='lat' dir='ltr'><strong>De</strong></span> <span class='ocrx_word' id='word_1_330' title='bbox 539 4062 641 4129; x_wconf 83' lang='lat' dir='ltr'><strong>Coelis</strong></span> <span class='ocrx_word' id='word_1_331' title='bbox 680 4060 824 4149; x_wconf 86' lang='lat' dir='ltr'><strong>medicus</strong></span> <span class='ocrx_word' id='word_1_332' title='bbox 894 4062 943 4127; x_wconf 87' lang='lat' dir='ltr'><strong>itis</strong></span> <span class='ocrx_word' id='word_1_333' title='bbox 967 4058 1114 4128; x_wconf 89' lang='lat' dir='ltr'><strong>Officium</strong></span> <span class='ocrx_word' id='word_1_334' title='bbox 1139 4060 1303 4150; x_wconf 89' lang='lat' dir='ltr'><strong>proprium</strong></span> <span class='ocrx_word' id='word_1_335' title='bbox 1326 4067 1459 4146; x_wconf 82' lang='lat' dir='ltr'><strong>conces·</strong></span> 
     </span>
     <span class='ocr_line' id='line_1_39' title="bbox 242 4150 1458 4246; baseline -0.003 -23"><span class='ocrx_word' id='word_1_336' title='bbox 242 4156 398 4237; x_wconf 86' lang='lat' dir='ltr'><strong>transiens</strong></span> <span class='ocrx_word' id='word_1_337' title='bbox 437 4177 494 4246; x_wconf 91' lang='lat' dir='ltr'><strong>per</strong></span> <span class='ocrx_word' id='word_1_338' title='bbox 539 4155 708 4243; x_wconf 80' lang='lat' dir='ltr'><strong>Virginem:</strong></span> <span class='ocrx_word' id='word_1_339' title='bbox 742 4166 822 4242; x_wconf 89' lang='lat' dir='ltr'><strong>post</strong></span> <span class='ocrx_word' id='word_1_340' title='bbox 869 4154 910 4221; x_wconf 88' lang='lat' dir='ltr'><strong>sit</strong></span> <span class='ocrx_word' id='word_1_341' title='bbox 931 4174 984 4220; x_wconf 83' lang='lat' dir='ltr'><strong>ru.</strong></span> <span class='ocrx_word' id='word_1_342' title='bbox 1011 4153 1077 4221; x_wconf 87' lang='lat' dir='ltr'><strong>Kal.</strong></span> <span class='ocrx_word' id='word_1_343' title='bbox 1101 4152 1207 4239; x_wconf 87' lang='lat' dir='ltr'><strong>llajas,</strong></span> <span class='ocrx_word' id='word_1_344' title='bbox 1232 4150 1301 4242; x_wconf 90' lang='lat' dir='ltr'><strong>ipso</strong></span> <span class='ocrx_word' id='word_1_345' title='bbox 1324 4151 1458 4219; x_wconf 89' lang='lat' dir='ltr'><strong>scillicet</strong></span> 
     </span>
    </p>
   </div>
   <div class='ocr_carea' id='block_1_5' title="bbox 242 4243 1460 4353">
    <p class='ocr_par' dir='ltr' id='par_1_7' title="bbox 242 4243 1460 4353">
     <span class='ocr_line' id='line_1_40' title="bbox 242 4243 1460 4353; baseline -0.001 -39"><span class='ocrx_word' id='word_1_346' title='bbox 242 4250 405 4319; x_wconf 83' lang='lat' dir='ltr'><strong>transitum</strong></span> <span class='ocrx_word' id='word_1_347' title='bbox 437 4271 544 4333; x_wconf 90' lang='lat' dir='ltr'><strong>suum,</strong></span> <span class='ocrx_word' id='word_1_348' title='bbox 587 4246 724 4320; x_wconf 85' lang='lat' dir='ltr'><strong>illaesam</strong></span> <span class='ocrx_word' id='word_1_349' title='bbox 750 4248 824 4317; x_wconf 87' lang='lat' dir='ltr'><strong>lecit</strong></span> <span class='ocrx_word' id='word_1_350' title='bbox 869 4247 1082 4339; x_wconf 79' lang='lat' dir='ltr'><strong>Appan‘tionis</strong></span> <span class='ocrx_word' id='word_1_351' title='bbox 1109 4243 1172 4328; x_wconf 89' lang='lat' dir='ltr'><strong>die,</strong></span> <span class='ocrx_word' id='word_1_352' title='bbox 1199 4243 1460 4353; x_wconf 79' lang='lat' dir='ltr'><strong>recitandum,an</strong></span> 
     </span>
    </p>
   </div>
   <div class='ocr_carea' id='block_1_6' title="bbox 0 0 1796 5034">
    <p class='ocr_par' dir='ltr' id='par_1_8' title="bbox 0 0 1796 5034">
     <span class='ocr_line' id='line_1_41' title="bbox 0 0 1796 5034; baseline 0 0"><span class='ocrx_word' id='word_1_353' title='bbox 0 0 1796 5034; x_wconf 95' lang='lat' dir='ltr'><strong> </strong></span> 
     </span>
    </p>
   </div>
  </div>
 </body>
</html>
