3584 5034
323 594 367 659 ee
813 589 1057 661 rossanen

367 709 396 773 t.
421 705 509 770 Dura
531 704 614 770 sicut
630 702 770 776 inienuus
800 722 911 769 aemu-
962 702 1068 769 Gloria
1093 702 1186 786 Patri,
1199 712 1235 772 et
1250 702 1340 784 Filio,
1364 714 1397 771 et
1419 702 1550 795 Spiritui

310 798 406 864 latio.
432 798 473 866 Ut
497 816 592 864 mors.
648 866 650 871 ,
920 796 1082 863 .Sancto.
1108 798 1175 887 Ego
1199 797 1317 865 dilecto
1341 817 1424 866 meo.
1478 813 1484 824 ¹
1519 850 1522 856 .

321 892 428 959 Gloria
454 890 546 971 Patri,
570 900 602 958 et
619 889 708 971 Filio,
725 898 757 956 et
780 888 912 980 Spiritui
967 913 969 915 ·
1002 888 1032 955 tl.
1057 890 1119 972 Qui
1144 913 1196 959 me
1229 890 1383 960 invenerit
1413 891 1549 959 inveniet

321 988 445 1053 Sancto.
471 984 575 1051 Fortis
598 992 655 1050 est.
959 982 1067 1051 vitam.
1092 1027 1094 1032 -

366 1077 395 1143 rt.
420 1079 488 1166 Ego
504 1075 620 1144 dilecto
642 1073 781 1149 mooll-
806 1075 844 1141 Et
866 1072 910 1141 ad
1003 1078 1036 1152 tl.
1049 1078 1087 1144 Et
1096 1075 1221 1145 hauriet
1232 1076 1367 1144 salutem
1380 1038 1564 1146 aDomino.
1586 1091 1592 1104 '

319 1194 371 1240 me
394 1171 562 1239 conversio
585 1171 664 1258 ejus.
1053 1172 1090 1237 In
1115 1172 1284 1238 Secundis
1313 1170 1458 1260 Vesperis

495 1264 551 1330 AD
582 1260 729 1339 NONAM
977 1326 980 1333 ,
1061 1262 1178 1331 Omcio
1200 1276 1234 1332 ut
1258 1262 1294 1330 io
1314 1261 1445 1353 primis.

284 1433 288 1445 ‚
365 1356 489 1447 Antiplt.
515 1358 581 1446 Ego
605 1354 740 1422 dormio.
983 1350 1035 1421 p,
1059 1356 1149 1423 Viam
1174 1356 1397 1426 mandatorum
1421 1368 1549 1425 tuorum

450 1449 553 1539 Capit.
648 1449 732 1517 Eccl.
757 1449 810 1514 24.
957 1450 1099 1537 cucurri:-

319 1500 376 1609 ln
400 1544 485 1609 omni
512 1554 594 1611 terra
611 1543 691 1623 steti,
721 1551 753 1609 et
769 1542 799 1607 in
822 1542 909 1609 omui
1004 1543 1037 1625 ἡ.
1061 1544 1141 1609 Cum
1165 1542 1303 1611 dilatasti
1318 1544 1381 1611 Cor
1411 1564 1528 1611 meum.

317 1638 450 1729 pupulo,
477 1636 508 1702 e't
532 1636 562 1702 in
587 1634 735 1702 omnibus
765 1637 908 1724 requiem
1001 1637 1052 1703 At
1076 1635 1268 1725 Mepnificot.
1301 1635 1424 1724 Antr'plr.
1455 1636 1553 1703 Exul-

320 1730 474 1819 quaesivi,
494 1739 527 1796 et
543 1730 573 1795 in
592 1727 782 1797 haereditate
799 1730 907 1797 llomi-
955 1728 1033 1794 tavit
1054 1730 1117 1795 Cor
1140 1751 1248 1796 meum
1272 1730 1303 1795 in
1328 1730 1395 1795 Deo
1418 1728 1549 1795 salutari

318 1826 351 1893 ni
376 1821 535 1890 morabor.
954 1841 1036 1887 meo:
1054 1822 1222 1911 quialeoit
1243 1821 1319 1889 mihi
1343 1842 1458 1911 magua
1494 1822 1551 1911 qui
1653 1861 1654 1910 t

365 1920 399 2001 ἑ.
417 1917 461 1985 br.
479 1914 580 2007 Ego*
597 1910 720 1984 Dilecto
736 1934 819 1995 meo.
836 1916 913 2003 Ego.
961 1924 1075 2006 potens
1098 1923 1156 1981 est.

365 2016 394 2081 i.
419 2012 458 2079 llt
480 2009 520 2077 ad
546 2031 598 2096 me
636 2008 804 2078 conversio
827 2010 907 2097 ejus.
1004 2008 1122 2077 Corum.
1147 2004 1346 2077 Dominicue.

318 2104 441 2175 Dilecto
466 2123 544 2199 meo.
918 2106 923 2117 “

717 2286 937 2405 Festa
978 2288 1152 2407 JUNll

553 2676 619 2741 [ΗΕ
648 2677 675 2740 l.
957 2640 1042 2736 stum
1065 2668 1189 2750 laudas,
1215 2669 1322 2737 Deum
1357 2668 1479 2752 laudas,
1518 2682 1552 2740 et
1653 2723 1654 2758 3

554 2772 671 2836 Octeve
727 2800 731 2809 ·
957 2761 1126 2831 hominem.
1151 2763 1329 2855 Dupliciter
1352 2762 1458 2846 laude,
1474 2763 1550 2832 sim-

486 2863 516 2928 S.
542 2860 582 2926 ll.
606 2861 735 2928 Sinone
957 2856 1084 2946 pliciter
1114 2856 1220 2924 lauda.
1258 2847 1436 2949 Dupliciter
1473 2859 1552 2947 quia
1653 2911 1654 2936 ,

573 2954 656 3039 depl.
956 2950 1054 3018 homo
1076 2961 1136 3032 est,
1159 2961 1192 3018 et
1227 2952 1324 3032 Beue,
1367 2951 1552 3040 simpliciter
1653 2963 1654 2996 l

378 3045 494 3116 Omnia
517 3044 663 3114 dicuntur
685 3055 719 3112 ut
743 3042 854 3112 indie
955 3054 1079 3111 utnon
1103 3047 1148 3111 sis
1173 3044 1276 3111 lictus.
1303 3042 1460 3111 Confitere
1487 3044 1549 3110 lle·

459 3149 558 3229 praet.
585 3135 753 3227 sequentia.
957 3158 1025 3218 um,
1049 3136 1202 3204 confitere
1240 3136 1412 3201 homiuem:
1451 3132 1551 3202 lauda

441 3234 486 3300 IN
509 3234 533 3299 l.
557 3230 781 3301 NOCTUllNO
954 3229 1056 3297 Deum
1081 3232 1114 3296 in
1143 3228 1281 3313 homine,
1309 3227 1407 3295 lauda
1445 3225 1550 3293 homi·

410 3324 571 3396 Lectiones
588 3324 696 3413 script.
713 3345 812 3392 occur.
871 3380 875 3388 ,
953 3344 1026 3389 nem
1052 3322 1084 3387 in
1109 3323 1185 3389 Deo.
1216 3320 1326 3387 Texuit
1356 3320 1551 3410 pretiosissi-

431 3420 474 3487 lN
500 3418 790 3488 ltuoctttttuo.
957 3436 1044 3480 mum
1073 3413 1153 3480 illud
1184 3413 1316 3503 pallium
1354 3411 1469 3480 laudis:
1511 3414 1550 3480 lu

339 3514 409 3583 ¹De
459 3514 612 3582 Sermone
650 3512 681 3579 S.
736 3509 905 3601 Augustini
952 3506 1110 3596 principio
1121 3516 1188 3574 erat
1201 3506 1352 3587 Verbum,
1364 3518 1396 3573 et
1407 3504 1549 3574 llerbum

316 3610 479 3701 Episcopi.
957 3608 1026 3664 erat
1048 3599 1134 3689 apud
1161 3600 1275 3681 Deum,
1303 3610 1335 3667 et
1358 3601 1446 3668 Deus
1480 3609 1551 3667 erat
1653 3631 1654 3644 κ

461 3721 463 3730 ¹
560 3699 643 3765 teet.
675 3715 716 3762 ιν.
955 3689 1106 3760 Verbum:
1131 3693 1201 3773 lloc
1224 3703 1291 3761 eret
1315 3695 1350 3759 in
1390 3692 1550 3786 principio

316 3752 495 3886 Duplioia
517 3790 614 3883 pallia
639 3789 711 3857 lecit
738 3787 806 3856 viro
836 3806 907 3854 suo.
954 3785 1041 3875 apud
1075 3787 1186 3854 Deum
1226 3787 1348 3868 Texuit,
1387 3797 1421 3854 et
1459 3784 1549 3852 aliod

316 3888 387 3957 lam
426 3885 622 3955 acclamatis:
661 3881 780 3964 credo,
816 3878 906 3970 quod
953 3879 1087 3969 pallium
1111 3890 1242 3972 propter
1272 3882 1551 3949 conversationem

317 3981 498 4068 agnoscitis,
531 3998 616 4069 quae
655 3978 730 4044 sunt
763 3974 905 4066 duplicia
952 3974 1035 4041 inter
1060 3972 1204 4042 homines
1229 3975 1352 4066 quo''
1395 3994 1454 4039 am.
1472 3970 1553 4037 Ver-

339 4071 420 4139 ellia.
447 4071 571 4141 Laudes
589 4080 673 4152 suut,
689 4067 802 4138 laudes
819 4067 906 4149 fidei,
952 4064 1031 4133 bum
1046 4086 1121 4134 caro
1137 4067 1259 4138 lactum
1273 4074 1332 4150 est,
1395 4062 1554 4137 habitavit

315 4094 430 4232 laudes
452 4166 671 4245 confessionis,
689 4160 802 4231 laudes
817 4182 911 4254 prae·
957 4160 991 4227 in
1014 4158 1118 4229 nobis.

316 4254 491 4327 dicationis.
506 4259 613 4340 Quare
624 4253 798 4352 duplicia?
819 4255 910 4324 Chri·
964 4311 968 4315 .
1004 4256 1035 4335 rt.
1061 4256 1192 4347 Propter
1215 4264 1274 4325 ete.
