3584 5034
653 639 780 708 Fusco
803 641 1022 712 annullatur
1074 708 1077 713 ,
1148 713 1152 721 ,
1406 639 1451 709 id

247 755 349 822 Causa
360 763 520 822 tantorum
534 752 629 822 luerit
641 753 809 833 malorum,
882 753 943 822 Pro
967 773 1061 821 servo
1086 753 1182 823 herus
1212 753 1428 848 suspenditur,

247 849 361 916 Nostra
383 847 519 916 debetur
542 845 597 913 tibi
621 847 692 913 vita:
717 847 813 916 vitam
885 846 948 912 Pro
971 858 1062 915 sonte
1082 849 1191 938 justus
1214 849 1370 939 plectitur.

387 940 542 1012 Dedimus
566 941 676 1031 ipsam.
863 938 958 1006 Necis
981 952 1109 1013 manent
1132 943 1276 1031 insignia.

224 1032 271 1101 Sit
294 1033 359 1114 tibi,
384 1034 451 1114 Fili,
469 1033 567 1102 decus
583 1045 686 1124 atque
703 1027 831 1112 virtus?
886 1033 1044 1122 impressa
1067 1055 1160 1103 sacra
1184 1036 1218 1101 in
1240 1034 1391 1115 Sindone,

160 1145 164 1154 ’
245 1125 811 1207 Quituomundumredimiscruore,
884 1127 975 1205 Quae
999 1137 1071 1218 post
1094 1128 1297 1219 triumphum,
1315 1129 1453 1195 nobilem

245 1223 375 1310 Quique
399 1241 474 1287 cum
498 1240 625 1288 summo
652 1220 812 1300 Genitore,
884 1220 1009 1310 Corpus
1034 1232 1204 1288 cruentum
1227 1219 1415 1289 involverat.

294 1313 434 1380 et'almo
862 1313 944 1380 Sunt
969 1315 1077 1381 mortis
1101 1313 1191 1390 haec,
1220 1326 1251 1382 et
1268 1317 1385 1396 tartari,

388 1407 530 1475 Flumine
554 1427 677 1495 regnas.
889 1405 1064 1495 llundique
1087 1409 1160 1475 victi
1186 1408 1327 1497 insignia3

294 1499 405 1566 Amen.
891 1497 1053 1588 trophaea
1076 1512 1152 1572 suut
1174 1501 1252 1568 haec
1269 1503 1386 1594 inclyta

270 1595 300 1663 al.
333 1594 431 1659 Tuam
469 1591 644 1660 Sindonum
686 1612 819 1658 venera-
889 1591 1037 1678 Ductopis
1060 1594 1264 1662 invictissimi.
1338 1654 1342 1661 .

224 1707 298 1753 mur
324 1686 467 1754 Domine.
742 1743 745 1752 ,
862 1682 1025 1752 Debemus
1048 1708 1124 1774 ergo
1149 1687 1230 1756 hanc
1254 1689 1385 1778 gratiam

270 1785 303 1862 rt.
320 1779 418 1846 Tuam
437 1779 607 1848 recolimus
623 1777 815 1868 passionem.
886 1777 1020 1869 Nostrae
1044 1780 1154 1846 salutis
1180 1781 1305 1862 vindici,

308 1874 359 1940 Ad
381 1872 570 1962 mopm'ficut,
602 1871 727 1961 antiph.
886 1869 928 1937 Ut
950 1869 1114 1938 daemonis
1138 1884 1249 1939 contra
1274 1873 1377 1956 doluS,

270 1965 388 2056 loseph
417 1968 466 2033 vir
495 1965 617 2044 honus,
633 1974 681 2033 -et
703 1965 840 2053 justus·
884 1962 952 2027 Hae
977 1963 1149 2031 militemus
1174 1975 1301 2033 tessera.

197 2089 200 2098 ·
221 2063 357 2127 accessit
372 2059 413 2125 ad
432 2059 575 2137 Pilatum,
592 2058 723 2150 etpetiit
738 2077 812 2125 cor·
859 2056 948 2124 Vitae
972 2067 1116 2125 vetustae
1140 2059 1281 2139 mortui‚·'

220 2174 283 2243 pus
307 2154 395 2230 lesu,
419 2172 485 2240 quo
509 2162 652 2242 accepto,
683 2151 815 2219 involvit
885 2149 1062 2237 Surgamus
1085 2151 1117 2216 in
1141 2151 1240 2222 vitam¹
1259 2173 1376 2221 novam
1408 2212 1410 2215 .

223 2243 306 2312 illud
331 2244 364 2310 iu
387 2243 526 2340 Sindone
551 2242 679 2312 munda.
882 2241 1208 2336 Christum'sequuti3
1232 2268 1289 2336 per
1312 2267 1442 2318 crucem

462 2336 572 2406 Oratio
882 2334 996 2404 Christi
1020 2337 1165 2406 lruemur
1189 2339 1296 2427 gloria.

219 2383 350 2512 Deus,
375 2431 429 2521 qui
446 2430 539 2497 nobis
556 2431 590 2496 in
608 2438 718 2498 sancta
744 2429 814 2496 Sin·
862 2428 990 2496 Praesta
1016 2432 1105 2498 Pater
1130 2431 1279 2522 piissime,

223 2522 330 2605 done,
354 2545 421 2614 qua
443 2545 561 2615 corpus
591 2533 683 2590 tuum
707 2543 813 2590 sacra·
878 2521 1033 2612 Patrique
1058 2545 1190 2613 compar
1217 2528 1320 2607 unice,

220 2616 377 2684 tissimum
408 2639 426 2686 e
466 2637 563 2685 cruce
586 2616 812 2708 deposituma
881 2615 963 2696 Cum
987 2615 1103 2705 Spiritu
1130 2617 1283 2685 Paraclito

221 2710 340 2802 loseph
363 2711 542 2779 involutum
567 2711 637 2791 luit,
655 2709 811 2800 passionis
884 2707 1030 2795 linguans
1054 2728 1113 2797 per
1135 2728 1231 2775 omne
1253 2711 1429 2779 saeculum.

221 2814 297 2870 tuae
321 2805 453 2892 vestigia
477 2804 644 2892 reliquisti:
668 2800 810 2868 concedo
932 2807 1044 2866 Amen.

214 2896 387 2988 propitius
412 2907 448 2962 ut
470 2917 528 2984 per
551 2903 743 2972 mentemst
760 2914 811 2959 so·
983 2893 1027 2959 lN
1052 2891 1086 2970 1„
1107 2893 1330 2964 NOCTURNO

217 2989 382 3080 pulturam
413 2998 500 3054 tuam
524 2986 566 3053 ad
599 2987 806 3054 resurreetio·
906 2983 1034 3074 amipli.
1062 2984 1204 3053 Rubrum
1221 3000 1270 3056 est
1285 2989 1451 3061 indumen-

217 3084 268 3150 nis
307 3082 440 3171 gloriam
479 3079 704 3173 perducamur.
744 3079 809 3160 Qui
856 3086 924 3143 tum
962 3088 1073 3158 tuum,
1109 3090 1141 3146 et
1172 3085 1358 3152 vestimenta
1397 3097 1452 3154 tua

217 3176 299 3244 vivis
323 3185 355 3243 et
379 3195 502 3264 regnas.
858 3172 942 3239 sicut
964 3172 1154 3240 calcantium
1178 3176 1210 3240 in
1234 3179 1397 3245 torculari.

300 3270 351 3337 Ad
374 3267 575 3349 matutinum,
599 3265 726 3336 Invitat.
810 3293 814 3302 ·
908 3266 995 3334 Psoi.
1020 3267 1050 3331 l.
1076 3267 1157 3332 Cum
1182 3267 1372 3338 invocarem.

265 3363 426 3434 Christum
453 3361 634 3441 Dominum,
659 3359 715 3449 qui
740 3379 813 3449 pas·
908 3357 1035 3448 Antrplr.
1060 3363 1218 3449 aspersus
1240 3375 1290 3429 est
1322 3365 1452 3455 sanguis

219 3455 317 3523 sionis
341 3477 419 3524 suae
443 3454 685 3524 memoriamin
720 3472 812 3518 sacra
859 3451 959 3541 super
975 3452 1162 3518 vestimenta
1178 3475 1259 3535 mea,
1284 3459 1391 3526 omnia
1407 3461 1452 3525 in-

217 3547 362 3616 Sindone
385 3559 526 3630 renovat,
553 3549 573 3590 ’¹‘
591 3547 703 3616 Venite
727 3543 814 3612 Ado·
861 3543 1013 3610 dumenta
1037 3563 1108 3611 mea
1131 3547 1308 3637 inquinavi.

192 3649 339 3710 'remus
1055 3639 1174 3707 Psulm.
1208 3645 1259 3710 to.
1371 3725 1374 3731 Ι

339 3769 341 3776 ,
445 3737 588 3825 Hymnus
908 3729 1069 3798 Conserva
1085 3754 1136 3801 me
1156 3736 1287 3805 Domine
1299 3737 1450 3827 quoniam

219 3777 446 3919 Mysturium
471 3827 615 3896 mirabile
862 3825 986 3914 speravi
1012 3824 1044 3890 in
1069 3834 1109 3905 te3
1191 3850 1194 3856 ·

242 3920 310 3988 Hac
325 3920 407 3987 luce
431 3919 524 3988 uobis
549 3917 710 4012 panditur,
907 3915 1033 4007 Antrpln.
1057 3918 1239 3988 Diviserunt
1261 3922 1320 3988 sibi
1356 3923 1450 3989 vesti-

243 4015 345 4083 Verus
371 4013 428 4080 Dei
452 4032 526 4080 cum
552 4012 650 4080 Filius
811 4053 817 4070 .
859 4019 967 4076 menta
991 4031 1072 4091 mea,
1088 4021 1120 4086 et
1135 4033 1233 4103 super
1248 4025 1368 4084 vestem
1383 4037 1449 4085 me·

242 4109 376 4175 llortem
398 4116 564 4172 ‘cruentam
588 4103 756 4172 sustinet..
860 4123 913 4168 am
936 4103 1090 4172 miseruut
1114 4117 1241 4172 sortem.

220 4201 355 4269 Causam
380 4197 501 4268 tuendo
525 4197 653 4279 servuli,
905 4197 992 4265 Psul.
1021 4197 1071 4263 tt.
1097 4198 1242 4284 Domine,
1270 4203 1343 4292 quis
1360 4201 1449 4275 habi-

244 4296 364 4384 Reique
388 4294 524 4364 formam
547 4291 693 4374 vestiens,
859 4283 946 4354 tabit.
