3584 5034
306 673 371 740 lid
720 671 847 739 resta
867 661 1118 741 adridemus

300 793 429 874 geretur
451 805 576 851 aurum.
591 786 716 850 Aurum
731 781 814 851 fides
830 794 888 868 est,
980 783 1110 873 antiph
1136 784 1239 852 Fortis
1271 795 1341 868 est,
1375 795 1417 854 ut.
1446 805 1533 854 mors

299 879 431 946 ieonum
465 877 600 946 carnalis
631 878 890 968 coucupiscentia
938 877 1073 946 dilectio.
1099 877 1276 969 Lampedes
1301 877 1381 968 ejus,
1416 878 1535 969 lampa·

299 982 356 1041 est.
380 972 493 1038 Omnis
516 992 603 1039 caro
617 971 758 1051 leonum,
786 968 892 1038 ›lsaia‘s
939 971 1111 1060 designis,
1138 981 1237 1060 atque
1259 970 1472 1053 llammarum,
1493 995 1533 1040 a·

299 1065 384 1146 dicit,
408 1075 441 1131 et
462 1065 566 1134 omnis
591 1065 693 1145 honor
716 1066 831 1145 carnis,
856 1060 903 1132 ut'
940 1087 1023 1154 quae
1050 1065 1166 1131 multae
1193 1086 1262 1132 uon,
1281 1077 1457 1156 potuerunt
1478 1089 1535 1136 ex-

297 1157 358 1226 ilos
380 1158 474 1226 loeui.
499 1157 662 1249 Quidquid
689 1169 737 1225 est
760 1179 837 1248 ergo
860 1159 893 1224 iu
942 1161 1085 1247 tinguere
1108 1158 1301 1226 charitatem,

297 1250 426 1320 homine
449 1253 571 1320 carnali
606 1263 759 1343 appetens
797 1273 888 1333 vana,
967 1301 987 1338 ,
1180 1252 1282 1342 Capit.
1359 1314 1379 1332 ,,

297 1355 330 1414 et
352 1345 537 1428 saecularia,
563 1347 762 1414 ioenumest.
785 1348 890 1426 Quam
940 1301 1099 1414 liranus:
1124 1347 1332 1436 Quicumque
1347 1346 1460 1436 spiritu
1480 1344 1534 1412 [lei

296 1435 390 1506 multi
412 1437 503 1522 forte,
529 1450 562 1508 et
584 1441 696 1506 iratres
721 1441 888 1506 nostriiie·
936 1450 1088 1530 aguntur,
1114 1440 1134 1504 ii
1158 1451 1233 1506 sunt
1257 1439 1314 1506 lilii
1354 1441 1420 1508 Dei.
1462 1439 1533 1506 Nou

296 1542 374 1600 runt
395 1531 435 1599 ad
461 1531 646 1600 theatrum?
672 1530 766 1600 foeno
800 1532 889 1600 ducti
937 1534 1020 1602 enim
1047 1534 1213 1622 accepistis
1238 1535 1382 1624 spiritum
1400 1533 1535 1600 servitu·

297 1636 382 1693 sunt.
393 1626 505 1698 Nonne
517 1625 677 1718 optandus
692 1637 740 1694 est
755 1626 815 1694 illis
831 1627 890 1692 iste
936 1630 980 1694 tis
1000 1627 1113 1694 iterum
1140 1628 1169 1692 io
1196 1628 1317 1713 timere,
1349 1625 1405 1694 sed
1435 1648 1534 1694 acce·

300 1714 409 1809 ignis,
448 1730 485 1786 ut
530 1719 661 1788 foenum
700 1719 819 1800 ardeat,
858 1730 895 1786 et
936 1723 1026 1812 pistis
1042 1721 1187 1813 spiritum
1200 1718 1536 1808 adoptionisliliorum.

300 1834 416 1879 aurum
441 1813 611 1904 purgetur?
623 1813 712 1904 quod
731 1815 815 1881 enim
833 1811 892 1879 illis
1161 1814 1305 1900 Hymnus

300 1905 382 1974 inest
405 1905 491 1989 fidei,
522 1909 616 1976 ioeuo
640 1908 803 1998 premitur.
830 1909 890 1972 Bo·
942 1859 1090 1976 Adesto
1116 1916 1236 1996 martyr
1260 1903 1377 1995 inclyte

300 2021 377 2066 uum
402 2010 450 2068 est
476 2021 552 2090 ergo
576 2002 621 2070 eis
646 2001 759 2069 ardere
782 2010 892 2068 sancto
963 2001 1052 2066 Dum
1071 1998 1221 2088 gestiente
1246 1998 1385 2074 carmine

298 2092 383 2182 igne,
396 2105 441 2175 ut,
458 2093 766 2185 ioenooousumpto,
786 2094 893 2184 splen·
965 2095 1041 2160 Tuis
1065 2089 1234 2181 triumphis
1258 2088 1381 2156 debita'

299 2184 374 2254 deat
411 2189 595 2279 pretiosum,
637 2187 730 2279 quod
763 2187 897 2256 redemit
967 2188 1183 2254 Persolvimus
1208 2184 1388 2277 praeconia.

301 2278 455 2347 Christus.
946 2281 1112 2370 Tuamque
1135 2278 1174 2345 ad
1200 2300 1287 2344 aram
1312 2276 1422 2354 cernui

346 2373 390 2442 Te
412 2375 516 2443 Deum
541 2374 807 2457 laudamusetc.
840 2426 865 2461 n
964 2376 1196 2462 Quaecumque
1221 2382 1293 2438 vota
1317 2369 1482 2436 fundimus

479 2469 535 2553 Al)
561 2469 719 2538 LAUDES
966 2473 1105 2559 decepta
1131 2466 1241 2546 nustri;
1270 2484 1469 2552 quaesumus

486 2574 516 2632 et
533 2585 594 2652 per
617 2564 710 2636 horas
946 2561 1036 2628 .Siut
1058 2563 1087 2625 in
1112 2559 1246 2625 salutem
1270 2558 1411 2646 spiritus.

346 2651 471 2744 Antiph.
492 2655 693 2724 Erit‘lum'en
729 2653 825 2723 lsrael
858 2655 892 2726 in
939 2654 973 2722 Si.
997 2652 1141 2730 vinculis,
1167 2661 1206 2718 ot.
1222 2652 1354 2733 carceri,

300 2749 384 2838 igne,
408 2758 441 2831 et
462 2759 591 2816 sanctus
614 2752 684 2839 ejus
702 2751 733 2817 in
757 2747 892 2815 damma:
966 2747 1079 2814 Poenis
1101 2743 1245 2835 datoque
1266 2742 1412 2832 sanguini
1505 2803 1508 2810 .

300 2843 452 2910 innitetur
474 2863 572 2934 super
587 2845 767 2912 Dominum
793 2844 891 2911 inve·
935 2841 994 2934 'Si
1019 2861 1084 2930 qua
1104 2838 1207 2912 heatis
1232 2839 1352 2929 perpeti

301 2935 403 3002 ritate.
964 2934 1059 3002 lucis
1080 2953 1221 3002 coronae
1248 2931 1453 3023 plaudimus,

350 3029 469 3096 Peolm.
492 3031 652 3098 Dominus
664 3030 815 3121 regnavit,
833 3038 894 3098 eto.
941 3026 1041 3095 Nobis
1066 3027 1225 3115 benignus
1239 3029 1374 3117 impetra

300 3144 370 3190 cunr
394 3121 485 3212 reliq.
508 3126 545 3192 de
570 3120 749 3193 Dominr'rc.
963 3119 1068 3209 liujus
1092 3119 1215 3194 caduca
1239 3119 1359 3188 saeculi
1474 3179 1476 3184 .

347 3214 475 3304 Antiph·
498 3217 602 3303 Levita
613 3219 724 3285 Sosius
747 3214 890 3284 exhihuit
961 3215 1182 3295 Contemnere,
1207 3225 1238 3282 et
1255 3211 1406 3304 perennia

300 3309 443 3378 sesicut
467 3311 523 3377 liei
539 3312 715 3378 ministrum
740 3310 773 3376 in
788 3330 890 3398 angu—
961 3306 1149 3376 Desiderare
1173 3307 1297 3396 gaudia.

301 3401 379 3482 stiis,
405 3403 435 3469 in
460 3404 571 3494 plagis,
597 3405 627 3471 in
643 3401 836 3482 carceribus,
858 3402 894 3467 in
941 3402 1087 3468 Faunos
1111 3400 1232 3491 ubique
1255 3396 1350 3486 dirigi

294 3492 414 3585 Spiritu
438 3495 565 3582 Sancto,
588 3500 622 3564 in
645 3497 796 3564 charitate
829 3514 894 3562 neu
964 3495 1038 3576 Quo
1061 3493 1253 3584 splenduisti
1275 3491 1410 3570 lumine,

301 3586 385 3656 ficta.
810 3636 814 3643 -
963 3587 1100 3667 Quando
1124 3587 1271 3677 supernis
1296 3581 1422 3674 ignibus

348 3680 473 3772 Antt'plt.
497 3685 577 3752 Novi
602 3702 700 3773 opera
723 3691 833 3762 tua,et
856 3679 894 3747 fi·
964 3680 1151 3748 illuminasti
1178 3678 1362 3748 Ecclesiam.
1436 3691 1449 3722 '·

300 3774 385 3859 dem,
409 3788 442 3844 et
464 3777 673 3858 charitatem,
698 3786 730 3843 et
754 3776 894 3842 ministe·
942 3773 1009 3841 Deo
1036 3775 1114 3840 Patri
1140 3775 1180 3840 sit
1203 3771 1304 3862 gloria

300 3871 395 3951 rium,
417 3882 451 3938 et
474 3860 655 3960 patientiam
679 3880 778 3951 tuam,
801 3878 835 3936 et
858 3888 894 3934 o·
964 3869 1111 3958 Natoque
1137 3869 1235 3934 Patris
1260 3866 1366 3950 unico,

300 3983 378 4054 pera
402 3974 457 4032 tua
481 3964 653 4033 novissima
688 3964 782 4056 plura
806 3964 894 4054 prio·
964 3963 1081 4029 Sancto
1105 3962 1198 4028 simul
1220 3962 1376 4028 Paraolito

301 4054 400 4126 ribus,
571 4097 577 4106 ·
948 4053 1001 4122 'ln
1026 4055 1227 4124 saeculorum
1252 4055 1390 4123 saecula.
1415 4057 1532 4122 Autem*

348 4148 474 4240 Antiph.
489 4150 668 4222 Benedicite
682 4152 775 4242 ignis,
793 4161 824 4221 et
839 4168 893 4217 ae-
987 4147 1017 4216 i.
1043 4149 1208 4217 Gloriosus
1224 4149 1395 4248 apparuisti
1411 4148 1442 4215 iu
1457 4167 1538 4218 con÷

302 4250 372 4310 stus
411 4244 547 4314 Domino
561 4289 577 4329 ,=
594 4245 772 4318 benedicite
812 4241 896 4313 servi
947 4251 1060 4334 spectu
1085 4243 1220 4314 Domini.

302 4331 430 4402 Domini
453 4337 599 4409 Domino.
623 4338 767 4428 uttetuja.
