3584 5034
255 639 261 650 ·
336 630 378 696 n
776 630 902 705 susm
927 615 1118 706 rnuuluu

335 739 449 807 fitetur.
469 740 643 835 Chlamyde
659 741 808 813 coccinea
821 744 925 811 indui·
1165 745 1285 814 Psolm.
1308 740 1369 812 63ss

332 841 395 914 tur,
435 833 512 923 quia
549 837 703 924 sanguine
747 838 923 931 martyrum
1015 834 1137 902 Exaudi
1161 838 1249 905 Deus
1272 838 1453 905 orationem.

332 944 465 992 suorum
479 927 639 997 Ecclesiae
649 948 767 1020 corpus
780 939 920 1002 ornatur.
1017 928 1141 1018 Antr'pln
1165 931 1283 998 Factus
1306 953 1380 997 sum
1402 929 1484 996 sicut
1500 927 1560 997 ho-

331 1017 457 1085 Corona
480 1021 589 1108 spinea
613 1023 705 1128 capiti
726 1021 800 1112 ¹ejus
817 1024 919 1112 impo·
966 1017 1019 1086 mo
1043 1021 1112 1088 siue
1128 1021 1297 1111 adjutorio,
1315 1024 1396 1091 inter
1412 1032 1558 1090 mortuos

331 1109 426 1192 nitur,
452 1113 527 1200 quia
551 1125 682 1202 punctio
717 1124 922 1205 peccatorum
970 1111 1058 1180 liber.
1507 1127 1510 1135 ’

331 1213 523 1284 nostrorum,
560 1226 700 1295 quorum
736 1206 921 1273 remissione
1165 1207 1285 1276 Psalm.
1312 1209 1366 1274 87.

330 1294 550 1386 Redemptoris
565 1298 807 1385 gloria'struitur
823 1298 918 1365 aridis
1012 1298 1146 1367 Domine
1170 1300 1257 1375 Deus
1281 1301 1393 1368 salutis
1419 1321 1518 1368 meae.

331 1385 455 1454 tribulis
491 1401 701 1480 comparatur.
726 1389 918 1458 Studeamus
1010 1393 1041 1459 i.
1069 1395 1184 1460 Factus
1207 1402 1256 1461 est
1279 1393 1432 1462 obediens
1457 1412 1561 1484 usque
1670 1410 1671 1419 ¹

331 1499 418 1546 nunc
442 1502 460 1549 e
484 1479 682 1563 diver·s0,ut
705 1481 923 1550 membrorum
970 1479 1011 1547 ad
1036 1499 1181 1566 mortem,
1670 1480 1671 1501 ³

331 1573 395 1640 vita
418 1573 528 1663 capitis
544 1574 584 1640 sit
599 1593 727 1643 corona.
752 1575 847 1655 Quod
864 1595 918 1641 ve-
1014 1580 1045 1650 d.
1069 1577 1201 1644 Mortem
1225 1587 1332 1647 autem
1358 1579 1476 1648 crucis.
1515 1630 1519 1635 -
1670 1656 1671 1665 ἵ

330 1685 368 1732 ro
392 1665 476 1732 sitire
500 1687 535 1733 se
560 1665 590 1731 in
608 1687 705 1736 cruce
722 1665 850 1759 'positus
874 1666 923 1733 di·
1016 1668 1124 1734 Lectio
1149 1670 1249 1735 sancti
1265 1669 1427 1760 Evangelii
1445 1691 1562 1738 secum

332 1757 385 1838 cit,
405 1755 502 1825 fidem
519 1759 701 1828 incredulae
716 1760 817 1849 gentis
845 1779 923 1826 con·
969 1755 1048 1826 dum
1072 1762 1235 1828 loannem.
1487 1775 1494 1788 ²

334 1849 480 1940 cupiscit3
514 1850 572 1918 sed
608 1864 762 1920 econtra
798 1861 924 1920 acetum
1099 1855 1181 1921 tect.
1204 1871 1287 1919 vn.¹
1351 1854 1426 1942 Cup.
1455 1855 1507 1920 l9.
1525 1857 1544 1906 -’

333 1943 469 2010 malitiae
503 1943 696 2034 porrigunt·
708 1947 783 2035 quia
812 1947 924 2013 vinum
973 1899 1027 2012 ln
1054 1946 1107 2013 illo
1141 1955 1292 2036 tempore:
1328 1945 1432 2013 sciens
1455 1949 1562 2030 lesu's,

333 2035 514 2125 sapientiae,
539 2036 627 2125 quod
651 2059 671 2104 a
694 2039 761 2104 Deo
787 2056 922 2126 accepe-
968 2040 1044 2130 quia
1069 2038 1187 2106 omnia
1223 2048 1444 2107 consummata
1474 2049 1563 2122 sunt,
1670 2120 1671 2127 ἵ

333 2136 413 2207 rant,
438 2131 602 2217 peccando
627 2139 835 2218 corruperant
860 2131 921 2198 Ve·
968 2143 1005 2198 ut
1029 2141 1307 2198 consummaretur
1331 2132 1488 2224 scriptura
1512 2130 1563 2198 di·

332 2217 400 2286 lum
425 2220 531 2310 templi
557 2221 719 2303 scinditur,
737 2223 812 2312 quia
828 2245 924 2315 syna·
970 2226 1023 2292 xit:
1048 2225 1134 2292 Silio.
1159 2225 1198 2290 llt
1222 2224 1354 2314 reliqua.
1495 2235 1499 2245 ‘

333 2332 415 2401 goga
439 2311 560 2384 honore
578 2313 726 2394 nudatur,
743 2313 923 2384 observatio
1018 2318 1155 2384 Humilia
1175 2318 1277 2384 'sancti
1303 2317 1434 2386 loannis
1460 2314 1562 2412 Clu-y-

333 2405 464 2494 antiqua
475 2403 668 2488 dissolvitur,
680 2405 926 2476 licclesiaeuni·
973 2411 1115 2479 sostomi.

332 2507 380 2565 tas
404 2502 684 2588 praemonstratur.
720 2501 925 2568 llonumenta
1059 2504 1150 2570 Hom.
1183 2501 1237 2566 8l.
1262 2497 1297 2566 in
1319 2522 1390 2589 cop.
1424 2501 1477 2565 ll).

334 2591 530 2681 aperiuntur,
542 2593 619 2684 quia
635 2593 744 2662 mortis
755 2593 840 2683 jura,
852 2595 927 2684 jure
1068 2591 1200 2661 loannis
1222 2603 1293 2660 onte
1323 2591 1473 2660 medalem.

335 2694 536 2776 superantur.
973 2639 1110 2754 Sciens
1145 2687 1242 2752 'lesus
1282 2686 1388 2752 omnia
1410 2705 1565 2752 consum·

379 2781 412 2855 d.
437 2779 504 2866 ligo
522 2781 711 2862 exaltante,
728 2801 842 2870 magna
859 2780 924 2848 vir·
970 2789 1065 2858 mata,
1089 2779 1140 2844 ait:
1166 2778 1252 2846 Sitio:
1276 2779 1369 2846 etiam
1386 2777 1447 2847 hoc
1464 2777 1565 2847 verbo

332 2878 409 2960 tute:
433 2869 454 2912 'l
478 2871 518 2938 Et
542 2881 575 2938 tu
600 2893 652 2938 me
675 2873 867 2963 suspendisti
892 2872 925 2938 in
971 2871 1170 2966 prophetiam
1206 2870 1351 2961 impleusss
1375 2872 1422 2938 Tu
1457 2881 1564 2938 autem

331 2960 474 3050 patibulo
510 2965 637 3044 crucis,
661 2960 683 3004 '¹‘
707 2966 745 3030 ln
770 2987 835 3053 qua
870 2985 926 3038 ex·
972 2965 1163 3034 adstantium
1189 2965 1376 3053 pravitatem
1416 2962 1564 3051 iutellige;

332 3052 428 3143 pandi
453 3074 566 3120 manus
590 3074 677 3121 meas
701 3054 741 3121 ad
766 3056 924 3144 populum
972 3079 1044 3123 nam
1070 3056 1143 3138 licet
1167 3055 1351 3124 innumeros
1386 3054 1562 3122 habeamus

331 3141 922 3227 uoucredentem‚et'coutradicentem.
970 3147 1124 3227 inimicos,
1142 3146 1198 3236 qui
1215 3167 1274 3213 uos
1289 3146 1473 3236 gravissime
1489 3166 1564 3236 per·

377 3237 407 3304 tl.
433 3239 553 3330 Populo
578 3261 669 3307 meus
693 3237 771 3329 quid
800 3237 860 3305 ieci
885 3238 923 3303 ti·
971 3240 1098 3329 sequuti
1124 3241 1195 3319 sint,
1220 3257 1295 3304 curn
1320 3249 1424 3304 tamen
1457 3237 1564 3305 iuteri-

331 3327 375 3410 bi,
399 3341 456 3398 aut
491 3334 612 3423 inquo
646 3331 829 3400 contristavi
864 3332 925 3400 te?
971 3333 1014 3399 mi
1037 3352 1094 3399 eos
1111 3332 1267 3411 videmus,
1297 3329 1565 3418 deotimurmise-

330 3421 489 3512 responde
514 3427 598 3492 mihi.
623 3427 663 3493 llt
687 3436 719 3493 tu
746 3447 805 3494 mo.
849 3425 852 3432 ’
970 3423 1118 3492 ricordia.
1142 3425 1185 3490 Hi.
1206 3431 1283 3492 vero
1299 3424 1342 3488 nil
1359 3423 1445 3503 moti,
1463 3424 1563 3512 magis

380 3514 487 3584 Gloria
513 3518 604 3584 Patri.
629 3518 667 3583 Iu
692 3539 767 3605 qua.
971 3516 1152 3596 ellerantur,
1177 3527 1209 3584 et
1243 3514 1385 3595 irrident,
1421 3524 1565 3582 acetum·

498 3611 541 3678 ΙΝ
567 3611 622 3675 lll.
643 3609 762 3678 NOCT.
973 3622 1038 3699 que
1062 3609 1093 3674 in
1110 3609 1244 3698 spongia
1266 3609 1443 3698 porrigunt,
1462 3619 1497 3675 ut
1514 3608 1562 3675 bi-

380 3701 503 3791 Arrtiplt
531 3703 598 3770 Filii
624 3702 788 3770 homiuum
812 3698 924 3768 dentes
972 3701 1027 3767 bat
1050 3710 1213 3790 tamquam
1237 3722 1321 3768 reus.
1338 3701 1417 3765 Nam
1435 3710 1564 3790 propter

333 3817 446 3864 eorum
470 3817 569 3878 arma,
592 3803 624 3864 ct
648 3797 788 3884 sagittae,
812 3802 844 3860 et
866 3793 926 3859 lin·
972 3793 1034 3861 hoc
1058 3793 1234 3885 hyssopum
1259 3791 1396 3872 additur,
1423 3812 1489 3881 quo
1505 3814 1565 3878 gu-

334 3910 398 3978 gua
421 3909 534 3958 eorum
558 3888 681 3978 gladius
705 3887 828 3954 aculus.
974 3889 1073 3965 stat0,'
1092 3897 1239 3953 mortuus
1262 3895 1319 3953 est.
1349 3884 1444 3952 Vides
1467 3885 1565 3971 quam

516 3983 662 4062 reatem
693 3981 745 4045 56.
976 3999 1041 4045 nou
1066 3977 1258 4068 perturbate,
1285 3989 1316 4046 ot
1332 3999 1429 4067 quam
1453 3983 1566 4064 polen-

334 4072 482 4142 Miserere
499 4077 563 4143 mei
579 4074 675 4154 Deus,
691 4073 839 4140 miserere
855 4071 927 4138 mei:
976 4079 1024 4139 ter
1047 4072 1153 4138 omnia
1188 4065 1434 4160 transigentem?
1467 4067 1566 4147 Quod

381 4165 506 4255 Antiph.
519 4167 843 4236 lnteuderuutarcum
855 4185 922 4231 rem
973 4173 1004 4231 et
1014 4168 1212 4254 prosequens
1225 4162 1370 4242 ostendit;
1386 4166 1462 4228 cum
1478 4159 1565 4227 euim
1670 4192 1671 4203 κ

328 4261 486 4339 amaram,
511 4270 547 4327 ut
568 4261 714 4353 sagittent
737 4257 769 4327 in
794 4257 927 4328 occ-ultis
974 4255 1081 4324 omnia
1104 4267 1326 4325 consummata
1337 4261 1456 4333 essent,
1473 4251 1564 4320 iucli·
1670 4322 1671 4341 χ

337 4350 610 4422 immaculatum·
976 4359 1051 4421 nato
1082 4350 1194 4443 capite,
1219 4346 1307 4440 quod
1342 4343 1473 4414 affixum
1498 4364 1562 4413 non
1670 4370 1671 4437 p
