3584 5034
706 571 1055 663 resraocroams
1433 593 1499 660 aee

362 702 368 712 ’
482 699 553 770 DIE
577 703 633 771 23.
904 701 1075 770 nardinum
1107 703 1290 786 Senensem,
1332 705 1426 795 cujus
1466 715 1499 774 et

300 794 331 863 S.
356 797 486 863 Jonmrs
510 815 531 863 r
556 795 754 865 Cairsrnmo
777 798 815 868 C.
902 797 1034 867 viventis
1058 797 1203 888 exempla
1228 796 1351 876 imitari,
1369 808 1498 866 etmor·

147 924 148 931 κ
283 889 321 956 r'u
344 887 431 957 cinit.
456 890 539 978 dopl.
563 891 639 981 maj.
663 891 736 958 alib.
755 893 827 985 drap.
899 891 947 956 tui
972 891 1104 977 gloriam
1130 892 1160 958 in
1188 893 1279 960 terris
1314 893 1500 984 promoveri

310 982 427 1050 Omnia
454 984 491 1050 de
528 987 646 1054 Gomon.
682 988 767 1077 Cous.
794 1011 856 1056 non
903 983 1033 1052 assidue
1058 985 1189 1052 curavit.
1270 1027 1272 1034 ι

258 1077 348 1146 Pont.
360 1087 487 1165 praeter
503 1078 670 1167 reptantia.
952 1081 983 1154 d.
1009 1080 1197 1153 Honestum,
1211 1087 1284 1144 etc.

508 1171 617 1240 Oratio
1137 1175 1220 1241 Lact.
1247 1189 1275 1236 r.

259 1215 471 1362 Deumqui
495 1265 670 1332 Ecclesiam
695 1277 782 1333 tuam
822 1267 855 1333 B.
904 1215 1068 1334 Morum
1095 1265 1265 1354 integritas,
1290 1271 1323 1332 et
1350 1245 1501 1354 plurime,
1603 1329 1608 1342 ,

259 1355 391 1423 loannis
416 1358 543 1437 meritis,
569 1370 601 1428 et
623 1359 778 1427 doctrinis
795 1363 855 1426 mi·
904 1379 989 1450 quae
1024 1356 1133 1438 edidit,
1175 1362 1302 1450 scripta,
1344 1357 1500 1437 doctrina,

260 1447 402 1515 rabiliter
425 1449 612 1532 sublimasti,
636 1465 667 1520 et
691 1475 751 1542 per
780 1476 855 1522 eum
903 1463 935 1522 et
960 1453 1074 1542 pietate
1109 1451 1254 1542 undique
1278 1449 1401 1530 referta,
1430 1471 1498 1518 mn·

260 1541 302 1608 de
340 1541 472 1632 perfidis
511 1549 654 1637 tyrannis
677 1550 710 1611 in
735 1548 851 1614 virtute
899 1567 993 1634 gnam
1019 1546 1067 1611 illi
1099 1545 1272 1612 sanctitatis
1312 1545 1499 1636 opinionem

262 1636 457 1702 sanctissimi
484 1637 625 1707 Nominis
649 1642 724 1707 lesu
741 1639 854 1708 fideles
901 1638 1120 1705 conciliarunt.
1137 1639 1220 1706 llum
1239 1639 1389 1706 Martinus
1406 1637 1441 1704 V.
1457 1637 1498 1704 ad

258 1738 334 1800 tuos
358 1728 553 1819 triumphare
577 1731 686 1800 iecisti:
712 1746 849 1825 praesta,
902 1732 1144 1799 Fraticellorum
1163 1743 1292 1812 sectam,
1309 1751 1500 1822 erroresque

261 1836 471 1912 quaesumus,
496 1832 532 1890 ut
555 1824 596 1894 de
630 1828 764 1896 inimicis
800 1848 858 1894 no·
907 1827 1110 1916 extirpandos
1135 1848 1199 1892 una
1225 1847 1299 1894 cum
1324 1825 1355 1890 S.
1380 1823 1501 1892 lacobo

193 1981 198 1988 ,
261 1917 335 1982 stris
368 1916 440 2004 ejus
473 1916 700 1989 intercessione
724 1941 857 2014 praeva-
904 1917 1085 1986 allarchia
1118 1919 1337 2008 inquisitorem
1373 1916 1499 2007 delegit,

261 2007 364 2076 lentes
388 2010 422 2074 in
447 2010 549 2092 terris,
579 2014 751 2103 praemiari
786 2019 882 2081 cum'
910 2029 1091 2103 quoscum
1133 2022 1272 2089 strenue,
1307 2009 1503 2102 feliciterque

263 2104 336 2192 ipso
372 2122 558 2170 mereamur
598 2106 762 2176 incaelis.
802 2108 863 2175 Per
910 2103 1109 2193 profligasset
1149 2108 1307 2184 loannes,
1347 2103 1503 2194 generalis

261 2191 411 2262 cumdem
440 2196 618 2265 Dominum.
905 2199 1074 2289 inquisitor
1089 2209 1201 2266 contra
1218 2197 1408 2266 haereticam
1426 2217 1500 2285 pre-

387 2286 436 2355 IN
460 2289 481 2356 Ι.
508 2290 732 2363 NOCTURNO
905 2294 1033 2358 vitatem
1058 2290 1238 2360 abeodem
1263 2288 1415 2358 Pontifice
1436 2290 1500 2358 'luit

311 2381 473 2451 lectiones
490 2384 529 2452 da
545 2384 705 2476 Scrr'ptor.
739 2409 859 2457 occurr.
907 2385 1107 2453 constitutus.
1134 2385 1171 2452 lu
1189 2383 1503 2474 Neapolitani-Regni

262 2473 299 2543 in
319 2475 429 2554 ‘Ce'oit
457 2477 572 2545 Beatus
597 2482 652 2546 vit.
899 2478 1080 2568 provinciis,
1105 2481 1227 2546 Joanna
1243 2479 1282 2544 ll.
1310 2479 1426 2568 Regina
1444 2475 1502 2545 da·

377 2561 422 2636 ld
446 2570 486 2636 ll.
510 2571 735 2663 accedunto
903 2573 1030 2658 gitante,
1056 2571 1179 2638 ludaici
1205 2571 1344 2637 foenoris
1367 2593 1499 2660 pravam

402 2735 405 2742 ,
475 2665 558 2734 Lect.
583 2687 623 2731 ιν.
819 2686 821 2692 ’
905 2664 1062 2731 licentiam
1080 2664 1228 2730 coercuit.
1249 2662 1500 2731 Romaaludae·

262 2705 433 2824 {Ioannes
462 2756 636 2846 Capistrani
675 2762 854 2829 llarsorum
905 2779 998 2824 orum
1024 2760 1210 2844 magistrum
1247 2777 1322 2824 cum
1362 2755 1502 2846 quadra-

262 2847 384 2941 oppido
410 2849 440 2914 iu
466 2871 543 2938 agro
568 2853 728 2943 Aquilano
745 2875 784 2920 ex
802 2854 860 2921 ho·
910 2851 995 2939 ginta
1019 2853 1116 2918 sociis
1141 2848 1186 2916 ad
1208 2850 1346 2917 veritatis
1369 2849 1503 2939 agnitio·

262 2943 363 3029 uestis
402 2943 588 3032 parentibus
628 2957 718 3013 ortus
742 2958 799 3014 est.
822 2947 864 3013 ln
909 2946 1314 3035 nem„prolessionemque
1355 2939 1502 3010 traduxit.

261 3036 416 3103 Perusino
439 3040 605 3129 gymnasio
621 3040 808 3121 christianis,
824 3050 856 3108 et
905 3044 932 3104 Α
973 3037 1106 3106 Nicolao
1142 3039 1198 3119 V.,
1239 3035 1388 3105 Friderici
1444 3035 1501 3124 lll.

260 3128 448 3197 liberalibus
472 3123 646 3223 disciplinie
670 3133 853 3216 instructds,
905 3132 1109 3222 Imperatoris
1125 3130 1286 3223 precibuS,
1312 3132 1342 3197 in
1368 3129 1501 3224 Germa-

261 3222 400 3314 publicis
424 3224 600 3314 aliquando
630 3233 754 3296 vacavit
784 3251 856 3294 mu·
895 3226 987 3292 niam
1015 3226 1141 3305 missus,
1167 3223 1355 3314 complures
1390 3222 1502 3291 haero-

252 3317 400 3386 ·neribus:
424 3310 553 3385 sed‘ad'
570 3322 721 3401 sanctius,
737 3331 769 3390 et
785 3337 870 3412 per-J
893 3321 984 3386 ‘teos
1018 3321 1048 3385 iu
1072 3321 1177 3387 sinum
1217 3316 1376 3386 Ecclesiae
1411 3315 1504 3386 rede-

256 3409 373 3477 iectius
396 3412 605 3480 ministerium
630 3435 648 3480 a
675 3416 741 3482 Deo
758 3435 855 3483 voca·
905 3411 959 3500 go,
984 3422 1082 3502 atquo
1124 3412 1259 3479 invicem
1298 3421 1504 3503 exasperatos

258 3511 321 3583 tus,
346 3503 388 3572 de
411 3504 547 3592 regulari
573 3507 794 3600 amplectenda
811 3508 858 3573 vi·
907 3507 1090 3596 Principum
1114 3506 1237 3572 animos
1262 3503 1304 3570 ad
1328 3522 1441 3596 pacem
1472 3514 1504 3574 et

258 3603 290 3660 ta
332 3597 412 3664 luter
452 3601 582 3670 Fratres
622 3603 768 3671 ,Minores
811 3600 853 3668 de
904 3597 1111 3667 concordiam
1138 3599 1308 3666 revocavit.
1429 3641 1431 3648 ,

258 3685 467 3780 Observantia
517 3680 705 3763 consilium
734 3696 849 3784 coepit.
948 3702 979 3778 d.
1006 3693 1145 3772 Amavit,
1171 3702 1231 3760 etc.

258 3781 474 3862 Quamobrem
516 3789 546 3854 in
587 3810 661 3854 eum
706 3788 850 3855 ordinem
1122 3789 1205 3854 Lect.
1233 3783 1294 3852 rn'
1411 3829 1417 3834 --

257 3879 401 3966 cooptari
425 3879 516 3946 enixe
540 3882 714 3972 postulans,
741 3883 852 3948 nonni·
905 3829 957 3945 ln
994 3880 1158 3947 sexennali
1197 3899 1254 3968 per
1290 3875 1502 3958 Germaniam,

257 3969 283 4036 si
309 3981 382 4059 post
407 3973 515 4052 melta,
533 3986 565 4042 et
579 3997 691 4064 aspera
707 3978 758 4052 sui
774 3994 848 4065 pro·
896 3971 1092 4051 Bobemiam,
1110 3973 1311 4049 Sarmatiam,
1329 3981 1361 4036 et
1380 3969 1503 4036 Panno·

256 4066 350 4153 positi
376 4066 688 4153 experimenta,vo'ti
726 4068 853 4136 tandem
905 4067 987 4132 niam
1022 4067 1153 4146 itinere,
1178 4076 1210 4133 et
1252 4061 1502 4131 commoratione

255 4175 388 4246 compos
412 4157 544 4227 effectus
569 4171 627 4229 est.
669 4164 704 4229 lu
732 4161 854 4228 [livinis
903 4161 1057 4241 Hussitas,
1088 4158 1275 4238 adamitae,
1303 4155 1498 4237 Tbaboritas,

256 4247 353 4321 literis
376 4255 564 4343 magistrum
591 4254 701 4327 habuit
728 4258 760 4327 S.
783 4257 857 4325 Ber·
906 4252 1135 4346 llebraeosque
1161 4253 1370 4334 innumerae,
1395 4247 1501 4320 coele-

1646 3889 1649 3996 l

1647 4005 1648 4051 t

1645 4075 1647 4155 l

1644 4177 1646 4248 l

1641 4417 1644 4493 l
