3584 5034
305 599 351 671 rs
791 565 919 673 ersus
942 595 1042 675 100
1148 660 1152 667 .
1343 674 1346 677 ,

304 726 393 783 nuuc
417 715 527 783 :umnts
557 713 747 785 sufficientia
783 726 893 784 nostra
939 716 1118 798 inveneris,
1142 722 1225 807 ages
1241 714 1373 805 gratias·
1389 710 1443 795 ei,
1469 710 1526 805 qui

305 829 345 875 ex
368 828 408 877 eo
430 818 486 878 est:
509 807 567 877 sed
583 808 675 879 nobis
691 807 812 877 bonum
829 830 893 877 uon
941 808 1271 879 talemmediatrieem
1291 806 1529 897 benignissima

304 909 381 982 erat,
405 921 475 969 esse
498 900 785 971 hominemsoldm.
807 902 890 970 Con·
937 904 1137 971 miseratione
1160 900 1308 993 providit,
1334 900 1366 966 in
1391 921 1457 991 qua
1478 900 1535 966 ni·

303 1012 420 1081 gruum
444 997 556 1084 magis,
572 1006 608 1063 ut
623 994 749 1065 adesset
764 1006 890 1063 nostrae
936 995 1106 1087 hilpossit
1128 1018 1199 1065 esse
1238 1002 1432 1084 suspectum.
1464 994 1526 1060 De·

303 1088 492 1177 reparationi
516 1110 615 1177 sexus
647 1098 793 1179 uterque.
818 1090 888 1154 lam
935 1090 1034 1179 nique
1058 1090 1210 1156 omnibus
1234 1087 1340 1154 omnia
1374 1086 1456 1154 iacta
1478 1094 1528 1153 est

304 1179 412 1269 itaque
434 1202 493 1249 uec
517 1181 586 1272 ipsa
605 1182 721 1250 Ι1101101
760 1178 889 1248 benedi-
936 1181 1143 1271 sapientibus,
1168 1192 1200 1249 et
1223 1177 1455 1271 insipientibus
1471 1196 1530 1247 co·

303 1282 355 1338 cta
372 1274 403 1339 iu
419 1274 605 1342 mulieribus
631 1273 790 1342 videbitur
805 1276 895 1341 otior
935 1275 1114 1365 piosissima
1148 1274 1299 1360 charitate
1330 1271 1526 1339 debitricem

303 1386 348 1431 sa:
374 1367 549 1435 invenietur
573 1367 721 1457 equidem
747 1366 838 1433 loeus
854 1388 888 1434 e·
936 1390 972 1434 se
996 1368 1078 1437 lecit.
1108 1366 1266 1436 Omnibus
1294 1365 1528 1433 misericordiae

299 1457 410 1545 jusin
435 1459 494 1527 bac
520 1459 889 1549 reconciliatione.'0pus
936 1461 1041 1528 sinum
1066 1453 1178 1553 aperit,
1204 1470 1241 1527 ut
1265 1458 1307 1527 de
1329 1454 1537 1549 plenitudine
1571 1527 1574 1536 ,

304 1560 353 1617 est
376 1556 461 1621 enim
485 1552 656 1622 mediatore
680 1552 720 1619 ad
738 1551 890 1621 mediato·
937 1555 1007 1641 ejus
1031 1556 1190 1645 accipiant
1214 1553 1364 1631 universi,
1380 1552 1527 1641 captiuus

304 1664 371 1710 rem
397 1646 564 1713 Christum:
600 1667 658 1713 nec
682 1645 761 1713 alter
797 1644 887 1713 uobis
935 1646 1195 1737 redemptionem,
1208 1668 1302 1733 aeger
1316 1645 1529 1724 curationem,-

286 1737 413 1805 'utilior
436 1761 532 1828 quam
558 1736 661 1805 Maria.
677 1738 823 1807 Crudelis
840 1740 886 1805 ui·
934 1740 1039 1805 tristis
1069 1738 1344 1816 consolationem,
1375 1746 1528 1825 peccator

305 1830 406 1897 mium
433 1830 596 1899 mediatrix
619 1832 694 1913 Eva,
711 1854 769 1922 per
792 1854 890 1922 quam
938 1832 1072 1912 veniam,
1091 1834 1199 1921 justus
1222 1831 1364 1919 gratiam,
1383 1828 1526 1915 Angeias

306 1942 437 2019 serpens
460 1928 612 2015 antiquus
649 1925 833 2015 pestiferum
856 1946 891 1992 e·
937 1923 1093 1991 laetitiam.
1133 1926 1206 2014 Ipsa
1244 1920 1417 2013 praeterita·
1458 1937 1526 1986 nou

147 2050 148 2055 .
218 2102 220 2105 Ι
305 2008 891 2109 110101ρεὶ01100110010101111ῑο011
936 2017 1067 2085 discutit
1091 2018 1210 2097 merita,
1227 2014 1285 2083 sed
1301 2011 1452 2081 omnibus
1473 2026 1535 2079 ssi
1587 2045 1590 2053 .

304 2108 408 2179 fidelis
431 2111 536 2192 lllaria,
561 2130 645 2199 quae
668 2109 780 2177 salutis
814 2111 894 2176 anti·
939 2132 975 2180 se
998 2109 1203 2190 exorabilem,
1223 2107 1371 2195 omnibus
1386 2100 1531 2174 clemen*

307 2200 418 2269 dotum
452 2214 484 2271 et
507 2203 607 2284 viris,
634 2211 666 2270 et
706 2202 892 2271 mulieribus
942 2206 1096 2273 tissimam
1120 2203 1272 2297 praebet,
1297 2200 1441 2269 omnium
1471 2196 1530 2267 de·

305 2296 493 2385 propinavit.
533 2296 591 2362 llla
630 2296 714 2363 euim
752 2296 891 2363 ministra
938 2300 1037 2388 nique
1085 2300 1286 2366 necessitates
1331 2292 1528 2383 amplissimo

305 2388 509 2470 seductionis,
542 2388 620 2457 haec
650 2389 887 2479 propitiationis.
938 2389 1079 2481 quodam
1105 2392 1271 2458 miseratur
1299 2386 1425 2454 affectu.
1449 2387 1523 2475 lpse

305 2480 363 2547 llla
386 2481 544 2570 suggessit
577 2482 887 2573 praevaricationem,
935 2495 985 2552 est
1014 2483 1177 2573 quondam
1214 2503 1233 2546 a
1263 2481 1329 2546 lleo
1366 2479 1522 2567 promissa

304 2572 894 2668 buccingessitredemptionem.Ouid·
940 2575 1054 2643 mulier
1092 2575 1246 2664 serpentis
1285 2569 1407 2659 antiqui
1430 2577 1528 2659 caput

304 2666 346 2733 ad
372 2668 499 2736 llariam
515 2670 667 2738 accedere
684 2667 892 2761 trepidetbu-
939 2670 1062 2736 virtut-is
1101 2666 1182 2757 pede
1205 2665 1403 2744 contriturm·
1432 2662 1527 2750 cujus

305 2781 399 2828 mana
422 2760 596 2851 fragilitas?
620 2762 701 2828 Nihil
726 2774 892 2830 austerum
938 2762 1033 2851 plane
1057 2760 1205 2829 calcaneo
1230 2760 1262 2826 iu
1287 2757 1394 2825 multis
1417 2777 1530 2825 versu·

305 2855 338 2921 iu
362 2856 513 2934 ea‚-nibil
538 2853 685 2937 terribile;
726 2866 790 2925 tota
817 2874 892 2921 sua·
940 2855 990 2923 tiis
1014 2854 1247 2933 insidiatusest,
1264 2851 1319 2921 sed
1338 2851 1406 2919 sine
1421 2869 1529 2919 causa.

305 2947 355 3013 vis
377 2956 435 3025 e'st,
459 2947 607 3014 omnibus
632 2946 767 3016 offerens
783 2947 842 3028 lac,
861 2958 893 3017 et
939 2948 1106 3018 Solaenim
1114 2949 1262 3015 contrivit
1273 2947 1452 3013 universam
1461 2942 1536 3009 bae·

305 3037 420 3106 lanam.
437 3039 575 3107 Revolve
592 3037 773 3126 diligentius
790 3041 893 3108 Evau·
942 3045 1072 3111 reticem
1088 3041 1283 3132 pravitatem.
1302 3038 1432 3106 contriti
1452 3044 1530 3103 suut

305 3131 427 3222 geticae
451 3130 597 3199 historiae
624 3131 736 3197 seriem
761 3134 891 3200 univer·
938 3134 1142 3214 insidiantes,
1167 3131 1344 3201 couculeati
1375 3127 1528 3218 supplan·

306 3246 384 3292 sam:
410 3225 490 3294 etsi
514 3224 592 3317 quid
632 3222 712 3291 lurte
747 3223 890 3312 inorepa-
939 3236 1067 3308 tutores,
1090 3227 1244 3294 contutati
1269 3223 1483 3312 derogatores,
1494 3226 1529 3288 et

305 3319 434 3400 terium,
458 3320 484 3386 si
508 3318 586 3410 quid
612 3314 740 3397 durum,
760 3315 892 3405 siquod
940 3315 1064 3386 beatam
1088 3342 1159 3387 eam
1190 3317 1301 3385 dicunt
1330 3332 1448 3381 'omues
1471 3332 1527 3401 ge·

305 3407 446 3501 denique
468 3413 593 3501 signum
617 3411 668 3479 vel
694 3410 773 3479 levis
809 3407 892 3475 iudi·
938 3416 1126 3480 uacationes.
1155 3410 1276 3479 laurei
1303 3408 1445 3475 Ecclesia
1476 3406 1527 3473 lu·

306 3504 464 3591 gnationis
503 3502 677 3575 occurrerit
713 3506 747 3571 iu
788 3502 893 3584 Maria,
944 3524 1004 3572 nae
1027 3503 1229 3594 intelligenda
1244 3500 1370 3570 videtur
1387 3499 1531 3568 vocabu·

306 3594 497 3666 decaetero
521 3606 701 3689 suspectam
717 3595 845 3676 habeas,
864 3606 896 3665 et
942 3595 986 3678 lo,
1010 3594 1108 3665 babes
1131 3595 1345 3663 mediatricem
1368 3593 1532 3662 evidenter

307 3689 462 3760 accedere
485 3690 632 3759 verearis.
941 3697 1137 3781 expressam3
1163 3689 1284 3770 llulier,
1309 3689 1424 3777 inquit,
1450 3688 1529 3754 ami·

355 3784 388 3861 tl.
412 3785 503 3853 Sicut
526 3781 651 3853 cedrus.
879 3822 883 3831 ·
941 3794 992 3849 cta
1015 3784 1094 3866 sole,
1112 3784 1236 3851 etluna
1259 3780 1321 3849 sub
1345 3779 1532 3871 pedibuse-

536 3878 618 3945 Lect.
643 3896 673 3943 1.
938 3877 1005 3965 jus.
1031 3877 1267 3969 Amplectamur
1285 3876 1408 3960 ¹llariae
1437 3872 1532 3941 vesti·

310 3918 436 4059 Quod
459 3972 498 4052 si,
521 3981 558 4039 ut
582 3990 657 4039 vere
679 3960 763 4051 sunt,
804 3970 898 4061 plena
944 3972 1006 4058 gia,
1029 3980 1061 4037 01
1083 3970 1285 4039 devotissima
1300 3966 1531 4059 supplicatione

310 4065 411 4151 magis
435 4066 540 4133 omnia
562 4063 697 4156 pietatis,
713 4072 746 4130 et
767 4067 897 4151 gratiae,
943 4061 1044 4130 beatis
1069 4063 1153 4131 illius
1191 4062 1328 4154 pedibus
1362 4055 1532 4151 provolva-

310 4152 405 4245 plena
427 4157 696 4239 mansuetudinis,
720 4164 752 4224 et
775 4156 897 4225 miseri·
942 4177 1025 4223 mur.
1050 4157 1226 4225 leneemus
1249 4178 1329 4237 eam,
1350 4149 1532 4220 necdimit·

311 4246 450 4334 cordiae,
474 4274 557 4343 quae
579 4251 621 4321 ad
638 4272 707 4321 eam
731 4252 897 4343 pertinent,
945 4259 1060 4331 tamus,
1084 4250 1188 4320 donec
1213 4244 1409 4319 benedixerit
1425 4242 1531 4327 uobis;

945 4352 1057 4435 potens
1080 4355 1129 4416 est
1151 4342 1244 4413 euim.
