3584 5034
670 705 797 775 FESTA
821 703 1012 776 tundnau
1347 749 1357 766 .
1412 705 1449 769 tt

252 818 510 911 Spiritumsacro
526 819 644 888 meritis
660 827 814 890 onustum
862 827 1050 908 peccatores
1080 835 1245 895 essemus,
1274 812 1457 886 secundum

389 912 507 980 Fundit
529 910 570 980 ab
587 932 652 981 ore.
863 922 990 1000 tempus
1015 905 1157 986 Christus
1173 928 1234 998 pro
1251 905 1345 975 nobis
1368 927 1455 974 mor-

227 1002 257 1071 0
298 1023 383 1084 cor,
416 1025 470 1072 aes
505 1003 624 1073 durum
669 1025 813 1096 superas,
861 1013 1010 1070 tuusest:
1028 1001 1127 1069 multo
1145 1001 1239 1089 igitur
1254 1000 1354 1088 magis
1365 1009 1454 1068 nunc

296 1094 454 1184 gemendo
860 1093 1022 1184 justificati
1049 1094 1079 1159 in
1097 1095 1252 1182 sanguine
1269 1093 1377 1183 ipsius,
1393 1091 1456 1160 sal-

133 1186 137 1191 ’
250 1186 289 1253 Ni
332 1189 438 1255 scelus
468 1199 588 1279 tergas,
632 1200 687 1259 tua
721 1189 817 1281 culpa
863 1189 894 1254 vi
918 1185 1104 1254 erimusah
1128 1187 1173 1252 ira
1197 1187 1391 1276 peripsum.
1422 1185 1456 1251 Si

297 1279 455 1347 Christum
866 1281 962 1359 enim,
986 1279 1066 1346 cum'
1087 1277 1201 1346 inimici
1226 1299 1380 1358 essemus,
1405 1297 1456 1344 re·

251 1370 352 1463 Stipiti
375 1371 481 1439 affixit:
505 1385 560 1440 tua
584 1374 680 1464 culpa
702 1373 797 1441 morti
867 1373 1023 1440 conciliati
1048 1392 1160 1439 sumus
1184 1372 1251 1438 Deo
1280 1392 1339 1460 per
1368 1389 1453 1436 mor-

272 1489 275 1498 ¹
389 1465 538 1532 Subdidit
561 1476 656 1534 atrae:
764 1497 769 1510 ¹
865 1473 929 1532 tem
954 1464 1022 1531 Filii
1045 1465 1125 1552 ejus,
1150 1462 1251 1532 multo
1277 1463 1376 1551 magis
1406 1483 1457 1530 re-

227 1556 275 1624 Sit
298 1555 365 1624 Deo
397 1567 561 1626 aeternum
595 1558 695 1628 decus
725 1577 820 1626 omne
867 1557 1024 1625 conciliati
1065 1556 1143 1623 salvi
1172 1555 1291 1623 erimus
1321 1555 1352 1620 in
1394 1555 1459 1622 vita

297 1649 327 1714 in
350 1669 476 1731 aevum,
867 1649 975 1740 ipsius.
1000 1651 1071 1719 Non
1095 1648 1201 1718 solum
1216 1658 1336 1727 autern,
1353 1644 1410 1714 sed
1427 1656 1461 1714 et

249 1741 310 1821 Qui
323 1741 394 1831 pius
417 1743 517 1810 nostri
529 1743 653 1833 generis
683 1739 818 1810 hedam·
866 1742 1042 1831 gloriamur
1065 1744 1097 1807 in
1113 1743 1190 1822 Dec,
1208 1761 1265 1831 per
1286 1739 1459 1806 Dominum

295 1844 377 1923 ptor,
866 1844 1020 1902 nostrum·
1051 1837 1159 1902 lesum
1195 1834 1377 1914 Christum,
1400 1852 1459 1922 per
1511 1917 1515 1925 .

132 1983 136 1992 .
249 1925 502 1996 Criminislabem
513 1929 819 2009 miserisnocentem,
867 1949 965 2016 quem
991 1944 1077 1994 nunc
1102 1925 1388 1993 reconciliationem
1404 1944 1458 1992 ac-

391 2021 551 2108 Sanguino
574 2021 671 2090 tersit.
867 2020 1021 2109 cepimus.
1046 2017 1079 2084 Si
1102 2018 1187 2086 e‘nirn
1211 2017 1307 2084 unius
1330 2015 1457 2095 delicto,

410 2117 521 2179 Arnen.
793 2181 806 2206 .
862 2133 950 2179 mors
973 2110 1116 2200 regnavit
1139 2129 1331 2200 perunum:
1356 2106 1458 2173 multo

404 2203 447 2268 ΙΝ
473 2205 496 2270 l.
520 2205 638 2274 NOCT.
863 2205 964 2292 magis
994 2201 1220 2272 abundantiam
1248 2201 1384 2291 gratiae,
1427 2210 1460 2269 et

272 2293 398 2383 Antipha.
414 2297 587 2364 Astiterunt
603 2305 816 2387 regesterrae‚
864 2295 1059 2377 donationis,
1084 2305 1117 2364 et
1140 2295 1281 2405 jvitiae
1301 2292 1459 2384 accipien-

223 2391 258 2455 et'
273 2388 433 2478 principes
448 2400 666 2458 convenerunt
677 2391 815 2457 inunum
867 2399 932 2470 tes,
958 2389 989 2455 in
1013 2389 1078 2457 vita
1107 2388 1286 2477 regnabunt
1316 2407 1374 2477 per
1407 2387 1460 2454 le,-

223 2480 380 2548 adversus
405 2483 586 2566 Dominum,
612 2492 644 2552 et
666 2482 820 2553 adversus
868 2503 942 2550 sum
958 2481 1127 2549 Christum.

226 2571 386 2642 Christum
409 2576 489 2664 ejus,
588 2625 591 2634 ,
911 2583 944 2659 ru.
968 2575 1065 2643 Vinea
1095 2595 1166 2641 mea
1194 2573 1311 2654 electa,
1331 2592 1397 2660 ‚ego
1427 2580 1459 2640 te

428 2669 621 2737 Psolmus2
866 2666 1024 2758 plantavi,
1049 2665 1125 2733 dicit
1158 2667 1334 2744 Dominus,
1359 2673 1392 2732 ct
1424 2672 1459 2730 tu

253 2721 378 2837 'Quare
402 2760 606 2828 fremuerunt.
624 2769 744 2852 gentes,
868 2759 952 2826 iacta
981 2780 1016 2826 es
1055 2757 1130 2824 mihi
1170 2758 1263 2824 nimis
1295 2777 1412 2823 amara.
1437 2753 1459 2794 ¹*

271 2851 396 2938 Antipb.
422 2853 620 2942 Multiplicati
650 2862 735 2933 sunt,
766 2853 821 2941 qui
869 2849 1378 2942 QuiaparasticrucemSalvatori
1394 2857 1460 2916 tuo.
1491 2905 1496 2914 .

224 2940 380 3008 tribulant
412 2964 487 3024 me,
521 2945 613 3011 multi
650 2944 821 3033 insurgunt
914 2952 945 3018 ti·
971 2942 1092 3034 Popula
1116 2964 1217 3024 maus,
1242 2940 1321 3033 quid
1338 2941 1399 3011 leci
1422 2941 1461 3010 ti.-

222 3031 397 3102 adversum
421 3057 482 3102 me.
864 3035 917 3118 bi,
942 3037 1053 3104 autin
1089 3058 1156 3125 quo
1184 3036 1368 3105 contristavi
1396 3032 1461 3104 te?

435 3128 552 3196 Psclm.
578 3130 608 3197 3.
749 3154 752 3160 ’
865 3128 1026 3222 responde
1050 3129 1136 3197 mihi.
1160 3131 1251 3211 Quia.

270 3217 417 3300 Domine,
434 3220 512 3309 quid
524 3221 719 3313 multiplicati
735 3233 818 3291 sunt.
1090 3225 1172 3292 Lect.
1195 3244 1228 3290 u.

272 3311 396 3402 antiph
411 3314 602 3382 'Diviserunt
636 3314 695 3382 sihi
727 3316 822 3383 vestin
870 3270 899 3374 Ι
903 3316 997 3406 gitur,
1015 3315 1098 3382 sicut
1114 3337 1172 3405 per
1187 3316 1284 3382 unius
1299 3313 1460 3397 delictum,

226 3405 332 3493 menta
356 3427 437 3486 mea,
456 3417 488 3474 et
502 3428 600 3497 super
615 3416 736 3476 vestem
753 3429 819 3476 me·
865 3409 899 3474 in
924 3428 1035 3476 omnes
1052 3407 1196 3474 homines
1220 3409 1251 3474 in
1268 3406 1463 3476 condemna·

226 3515 278 3564 am
303 3498 457 3566 miserunt
481 3510 609 3568 sortem.
829 3527 846 3589 '.
867 3500 985 3568 tionem
1006 3523 1013 3581 ;
1038 3500 1084 3567 sic
1108 3509 1140 3568 et
1163 3501 1341 3590 pecunius
1365 3501 1461 3589 justi-

412 3594 561 3660 Psalmtts
577 3581 735 3661 Chim!
747 3537 941 3660 addituram
967 3593 998 3658 in
1022 3611 1133 3661 omues
1158 3592 1302 3663 homines
1326 3594 1356 3660 in
1368 3592 1463 3682 justi·

250 3681 435 3751 DeusDeus
451 3707 552 3766 maus,
569 3686 691 3775 respice
706 3686 737 3752 in
757 3707 817 3755 me:
865 3683 1045 3776 ficationem
1069 3687 1160 3754 vitae.
1185 3688 1275 3756 Sicut
1297 3687 1379 3756 enim
1403 3704 1461 3773 per

271 3775 309 3844 ῆι
320 3773 454 3844 Oblatus
470 3777 527 3859 e'st,
540 3778 691 3869 quiaips'e
707 3779 820 3846 voluit.
869 3777 1117 3847 inobedientiam
1133 3781 1228 3847 unius
1245 3778 1462 3865 hominispec-

276 3873 309 3947 rb.
327 3867 366 3934 Et
382 3868 480 3937 livore
495 3873 564 3960 ejus
582 3871 682 3938 sanati
697 3892 819 3938 sumus.
871 3881 995 3940 catores
1019 3872 1178 3940 constituti
1203 3882 1279 3939 sunt
1302 3868 1403 3937 multi:
1421 3869 1463 3936 ita

277 3960 325 4028 De
350 3961 489 4050 Epistola
514 3965 599 4033 Beati
625 3963 713 4031 Pauli
737 3968 823 4054 Apo·
871 3974 903 4030 et
926 3985 983 4054 per
1013 3964 1110 4032 unius
1143 3964 1357 4041 obeditionem
1382 3963 1462 4051 justi

229 4052 302 4124 stoli
326 4051 367 4120 ad
393 4054 561 4124 Romanos.
872 4057 1104 4124 constituentur
1128 4059 1231 4124 multi.
1255 4057 1318 4123 hex
1354 4067 1462 4124 autem

328 4149 412 4214 Lect.
437 4169 457 4215 r.
555 4153 632 4239 Cap.
652 4143 687 4214 b.
712 4160 740 4217 et
765 4149 795 4214 7.
866 4147 1079 4231 subintravit,
1112 4159 1148 4215 ut
1177 4148 1354 4219 abundaret
1383 4149 1462 4216 deli-

230 4190 820 4310 Cornme'ndatcaritatemsuamDeus
867 4251 965 4308 ctum:
990 4240 1045 4308 ubi
1070 4251 1177 4309 autem
1201 4241 1376 4311 abundavit
1405 4240 1461 4307 do-

215 4331 260 4414 ‚in
293 4328 394 4412 uobis:
427 4335 580 4426 quoniam
612 4355 686 4404 cum
712 4333 831 4404 adhuc·
864 4334 985 4416 lictum,
1007 4332 1284 4426 superabundavit
1296 4337 1402 4462 gratia.
1420 4332 1462 4404 Ut
