3584 5034
720 598 851 673 'susm
874 600 1052 671 AUGUSTI
1429 604 1493 673 tes

275 750 384 873 Mox
407 803 491 871 oculi
507 714 591 782 Lect.
613 732 642 782 r.
907 733 1004 803 quarn
1027 708 1214 805 AEmygdius
1251 709 1293 778 ad
1332 709 1493 784 Christum

493 808 616 873 scaeci
658 826 764 874 coram
799 826 857 898 po·
904 826 1090 874 conversam
1130 803 1309 895 baptizarit,
1348 812 1381 871 et
1419 817 1494 898 post

271 896 349 987 pulo
383 898 473 983 signo
511 900 616 967 crucis
656 901 795 990 apertis,
835 921 854 967 a
902 920 971 967 eam
997 898 1091 972 mille.
1107 907 1139 964 et
1156 898 1318 985 sexaginta
1334 896 1488 983 hemines,

271 989 471 1058 multitudine
494 1014 566 1059 euru
585 992 684 1061 filium
703 993 855 1083 Apollinis
902 991 1018 1061 educta
1041 1012 1060 1059 e
1082 1010 1159 1057 saxo
1184 1012 1240 1081 per
1265 991 1375 1074 ingens
1397 995 1491 1061 mira·

268 1082 416 1151 credente
439 1086 472 1150 in
497 1086 648 1176 templum
687 1086 857 1176 AEscul‘apii
905 1085 1013 1152 culum
1038 1105 1193 1174 aquarum
1233 1085 1332 1173 copia.
1372 1086 1428 1153 His
1455 1089 1488 1153 iu

268 1176 398 1265 rapitur.
423 1176 471 1243 lbi
507 1179 618 1245 Christi
659 1202 785 1246 servum
822 1201 857 1246 se
905 1176 1024 1244 rabiem
1049 1189 1141 1245 actus
1181 1177 1342 1268 Polymius
1382 1190 1492 1246 sancto

267 1268 441 1359 professus,
465 1272 535 1359 ejus
560 1273 758 1339 invocatione
790 1292 855 1339 ma·
902 1271 1059 1361 Episcopo
1098 1280 1195 1359 caput
1235 1269 1382 1351 abscidit,
1426 1290 1492 1361 quo

266 1383 364 1449 gnum
391 1382 558 1430 numerum
582 1385 761 1451 aegrorum,
802 1386 857 1432 ne·
904 1364 996 1443 lacto,
1034 1372 1166 1443 truncus
1204 1364 1273 1450 ejus
1306 1363 1491 1433 mirabiliter

267 1453 442 1543 quidquam
471 1454 543 1522 idoli
568 1478 660 1548 opem
687 1459 854 1549 implorau-
901 1466 1026 1523 erectus
1065 1455 1223 1543 abjectum
1278 1454 1376 1524 burno
1438 1480 1490 1528 ro-

265 1546 353 1626 tium,
381 1548 553 1616 valetudini
594 1551 739 1633 restituit,
781 1570 851 1617 aras
900 1550 1003 1639 prium
1019 1560 1116 1638 caput
1145 1549 1291 1615 attollens
1331 1480 1489 1631 manibus,

264 1636 371 1718 diruit,
394 1640 562 1732 AEsculapii
587 1644 853 1732 signumconlra-
899 1661 957 1733 per
994 1642 1129 1731 spatium
1171 1652 1382 1709 tercentorum
1414 1664 1488 1735 pas·

265 1742 351 1798 ctum
376 1734 408 1798 in
434 1733 567 1801 Tiberim
594 1738 736 1826 projecit.
773 1737 849 1817 Qui·
898 1756 992 1802 suurn
1017 1733 1057 1799 ad
1093 1735 1267 1802 oratorium
1280 1737 1423 1825 portavit,
1442 1737 1490 1803 iu·

263 1823 326 1891 bus
350 1825 457 1907 rebus,
484 1837 515 1894 et
539 1830 623 1895 mille
641 1838 851 1897 tercentorum
899 1828 941 1895 de
963 1825 1003 1892 ad
1028 1828 1179 1917 templum
1196 1832 1369 1895 maximum
1387 1839 1488 1897 trans·

261 1918 436 2006 gentilium,
463 1932 586 2010 praeter
608 1922 777 2013 AEsculapii
801 1942 852 1988 sa·
897 1920 996 1986 laturn
1038 1929 1095 2000 cst,
1122 1919 1175 1987 ubi
1201 1941 1313 2008 magna
1337 1922 1488 2010 religione

259 2010 414 2089 cerdotes‚
439 2018 648 2083 conversione
688 2016 761 2083 inde
799 2036 848 2081 se·
896 2012 1045 2083 Asculani
1085 2012 1212 2103 populi,
1255 2024 1288 2080 et
1327 2032 1488 2083 concursu

259 2114 371 2191 quuta,
397 2102 503 2171 irritati
535 2108 696 2175 Postbumi
736 2104 847 2174 Titiani
893 2116 1073 2174 exterorum
1099 2106 1180 2173 banc
1206 2107 1363 2196 usquein
1403 2105 1487 2175 diem

261 2194 411 2262 Praefecti
452 2196 546 2265 Urbis
585 2201 695 2282 minas,
738 2200 847 2289 Angcli
895 2198 1019 2267 colitur.
1044 2199 1157 2267 incidit
1180 2202 1249 2288 ejus
1271 2198 1364 2267 beata
1387 2220 1486 2281 mors,

261 2287 392 2369 monitu,
417 2287 589 2371 declinans¹
606 2305 749 2361 sanctum
768 2295 848 2359 Mar·
893 2293 1114 2383 persecutione
1138 2291 1319 2360 Diocletiani
1343 2290 1486 2363 durante,

261 2380 376 2447 cellum
403 2382 586 2451 Pontificem
626 2385 852 2476 aditaque
898 2394 901 2400 '
944 2389 976 2463 ιζ.
1001 2385 1087 2452 Stola
1110 2398 1170 2453 etc.

259 2472 437 2564 Episcopus
476 2474 651 2560 ordinatus,
691 2491 722 2547 nt
746 2487 848 2547 Ascua
1005 2479 1047 2545 ΙΝ
1072 2480 1127 2544 lll.
1158 2479 1378 2547 NOCEUllNO

260 2564 326 2633 lum
351 2568 466 2636 missus
489 2581 546 2636 est.
945 2570 1051 2637 Lectio
1075 2573 1173 2638 suncti
1198 2572 1356 2660 Evangelii
1371 2592 1486 2641 secun-

234 2693 241 2703 ·
307 2664 338 2738 d.
363 2656 560 2731 Desiderium
584 2674 650 2733 etc:
899 2661 977 2731 dum
1001 2664 1129 2730 Lucam.
1408 2681 1416 2693 “

174 2827 178 2835 ,
477 2758 559 2824 Ecct.
575 2778 616 2824 rr.
935 2754 967 2766 ''
999 2758 1081 2825 cht.
1105 2776 1158 2827 ru.
1306 2758 1382 2845 Cup.
1409 2758 1461 2823 l5.

262 2794 406 2910 Multis
430 2846 461 2911 in
486 2847 594 2916 itinere
611 2850 771 2917 miraculis
799 2851 845 2916 in·
890 2805 951 2916 lu
975 2848 1031 2916 illo
1054 2859 1205 2941 tempore:
1228 2848 1306 2915 dixit
1320 2851 1414 2917 lesus
1437 2849 1485 2916 di·

259 2938 346 3025 genti
370 2937 571 3009 multitudine
594 2942 719 3010 Christo
735 2942 848 3032 adjun'·
892 2942 1028 3034 scipulis
1039 2945 1114 3011 suis:
1131 2943 1211 3010 Cum
1226 2939 1484 3034 audieritisprae·

258 3041 319 3109 cta,
346 3030 440 3097 simul
466 3052 503 3098 ac
527 3035 680 3102 Asculum
718 3035 846 3129 Emyg-
891 3035 944 3115 lia,
969 3045 1001 3104 et
1024 3035 1205 3117 seditiones,
1229 3035 1328 3104 nolite
1364 3037 1484 3105 terreri:

261 3119 335 3189 dius
373 3127 528 3214 pervenit,
569 3128 740 3196 daemones
764 3151 782 3197 e
805 3131 849 3195 si·
896 3136 1021 3218 oportet
1043 3130 1179 3219 primum
1195 3128 1282 3197 'ha'ec
1305 3126 1395 3211 fieri,
1426 3126 1484 3197 sed

257 3212 407 3284 mulaoris
439 3217 595 3287 idolorum
635 3242 692 3311 per
731 3230 846 3289 cuncta
891 3218 1034 3288 nonduin
1058 3220 1168 3290 statim
1185 3221 1266 3289 finis.
1306 3222 1396 3289 Tunc
1435 3219 1485 3288 di-

256 3306 329 3376 lana
352 3310 522 3399 ejulatibus
560 3313 668 3387 editis,
692 3315 845 3404 peregri·
874 3312 984 3381 'cebet
1001 3314 1076 3383 illis:
1113 3324 1222 3402 surget
1257 3335 1337 3403 gens
1374 3324 1485 3382 contra

255 3422 331 3467 num
367 3403 487 3472 doloris
510 3408 559 3475 sui
596 3429 724 3475 causam
764 3407 846 3475 indi·
894 3416 1030 3495 gentem
1053 3417 1085 3473 ct
1107 3428 1239 3494 reguum
1264 3406 1483 3475 adversusrc·

256 3504 377 3561 cerunt.
416 3498 518 3577 erem
564 3520 639 3567 cum
692 3503 846 3569 concitata
894 3521 1002 3588 gnum:
1026 3509 1057 3565 et
1080 3508 1287 3567 terraemotus
1321 3501 1426 3591 magui
1449 3522 1483 3568 e·

255 3584 346 3674 plebs
362 3587 403 3653 ad
418 3592 547 3659 caedem
564 3606 739 3684 quaereret,
758 3596 842 3663 cxci·
890 3603 965 3659 runt
987 3614 1046 3683 per
1069 3591 1148 3660 loca.
1173 3594 1211 3660 Et
1234 3596 1366 3686 reliqua.

256 3688 308 3745 tus
332 3680 469 3748 tumultu
501 3686 664 3779 Polymius
703 3687 844 3754 Civitatis
916 3686 1051 3753 Humilia
1074 3690 1176 3755 sancti
1199 3688 1339 3779 Gregorii
1356 3688 1460 3777 Papae

256 3771 387 3840 Praeses
425 3795 499 3843 eum
538 3781 578 3844 ad
619 3802 654 3845 se
693 3789 843 3846 vocatum
995 3779 1138 3848 Humilia
1160 3802 1180 3847 r.
1279 3781 1315 3848 in
1339 3781 1457 3868 Evonp.

254 3864 374 3944 multis,
400 3865 456 3933 sed
482 3870 576 3937 irritis
599 3870 715 3951 verbis,
733 3872 773 3938 ad
791 3875 843 3941 lu·
891 3826 1075 3939 Dominus
1097 3885 1130 3941 et
1155 3872 1344 3963 Redemptor
1373 3880 1483 3939 noster

179 4018 182 4023 .
254 3958 312 4039 vis,
337 3969 368 4027 et
383 3962 537 4047 Angariee
556 3966 637 4031 Deae
655 3966 764 4031 Asculi
780 3967 838 4031 Pa·
884 3974 1012 4056 paratos
1024 3985 1084 4030 nos
1115 3967 1255 4033 iuvenire
1284 3962 1479 4047 desiderans,

248 4060 363 4141 ¹trouae
403 4058 635 4123 venerationem
674 4056 840 4138 hortatur,
887 4068 1102 4124 senescentem
1125 4058 1280 4125 mundum
1305 4078 1389 4148 quae
1410 4079 1478 4125 ma-

251 4144 414 4232 promlssis
453 4148 546 4215 etlam
586 4151 618 4213 in
663 4153 838 4240 praemium
884 4151 916 4216 la
938 4162 1124 4239 sequautur,
1146 4152 1320 4231 denuntiat,
1345 4160 1381 4219 ut
1419 4172 1481 4219 uos

251 4238 368 4328 uuptiis
390 4242 538 4333 propriae
562 4240 645 4311 liliae
684 4242 837 4336 Polysiae,
887 4244 930 4311 ab
950 4245 1020 4332 ejus
1043 4264 1152 4314 amore
1182 4256 1373 4337 compescat.
1410 4251 1512 4338 ,tp-p
