3584 5034
662 639 790 710 FESTA
814 640 1046 713 mttttttffls
1195 707 1199 716 ,
1416 641 1481 708 tos

334 808 337 815 ⁴
492 752 594 845 capit.
697 755 700 762 ’
890 754 1074 823 immortalis
1099 791 1100 799 .
1128 753 1247 844 gloriae
1301 750 1483 842 participes,

243 799 468 940 siSpiritus
491 847 572 936 ejus,
598 847 655 938 qui
673 846 839 917 suscitavit
885 850 979 939 cujus
1003 851 1035 914 in
1060 859 1173 916 eorum
1183 844 1352 914 cineribus
1368 845 1483 935 pigno.

244 945 354 1011 lesum
379 962 398 1006 a
422 941 567 1019 mortuis,
591 939 712 1008 habitat
737 941 768 1008 in
786 963 842 1008 vo·
888 965 924 1008 ra
949 963 1147 1010 veneramur.
1191 942 1252 1009 Per
1307 938 1479 1006 Dominum

244 1035 305 1116 bis,
331 1034 386 1123 qui
410 1034 576 1100 suscitavit
599 1038 706 1105 lesum
749 1034 839 1101 Chri·
888 1045 1033 1104 nostrum
1059 1046 1118 1102 etc.

244 1141 373 1196 stoma
404 1127 546 1207 mortuis,
586 1125 768 1207 vivificabit,
806 1139 837 1196 et
1000 1125 1251 1197 AdMototinum
1272 1123 1368 1193 lavit:

247 1220 392 1288 mortalia
416 1239 550 1310 corpora
576 1231 679 1288 vestra
710 1223 839 1311 propter
933 1223 1035 1288 Deum
1061 1222 1168 1288 vivum
1189 1221 1236 1286 in
1276 1217 1373 1307 quom
1412 1235 1479 1295 cor,

247 1313 440 1382 habitantem
458 1313 601 1403 spiritum
616 1316 686 1403 ejus
701 1314 844 1382 invobis.
891 1326 924 1382 ct
952 1334 1028 1382 caro
1068 1316 1255 1381 Sanctorum
1295 1308 1481 1378 exultent*

483 1409 637 1496 Hymnus.
847 1427 853 1441 ·
891 1411 995 1476 venito
1020 1407 1201 1475 adoremus.

248 1447 399 1566 Adeste
423 1499 532 1566 Sancti
556 1499 700 1581 Coclites,
774 1532 779 1543 ·
934 1504 1077 1590 Hymnus
1131 1499 1249 1568 Adesto
1288 1497 1406 1578 Sancti,
1448 1507 1482 1564 ot

271 1593 388 1661 Festini
413 1591 531 1672 adeste,
557 1614 766 1682 quaesumus,
890 1615 998 1684 supra.

273 1687 389 1754 Favete
412 1687 495 1752 votis
518 1686 701 1778 supplicum
933 1685 1056 1775 Antiplt.
1104 1689 1221 1755 Psolm.
1262 1699 1294 1756 et.
1332 1688 1480 1772 Respcne.

272 1779 356 1844 Dum
382 1777 474 1845 thura
497 1777 589 1845 vobis
613 1781 745 1846 urimus.
884 1790 918 1849 ot
942 1777 977 1846 in
1001 1801 1110 1847 comm.
1122 1779 1255 1869 plurim.
1272 1781 1459 1868 Martyrum.

249 1873 321 1939 Non
345 1871 820 1962 ossa-quamquampulverem
1008 1873 1050 1938 IN
1076 1873 1099 1937 l.
1132 1872 1365 1940 NOCTURNO.

272 1964 410 2032 Redacta
436 1965 465 2030 in
490 1967 602 2045 imum,
628 1965 769 2032 tristibus
932 1974 960 2038 tl·
987 1966 1152 2031 Dormiunt
1168 1967 1201 2029 in
1219 1975 1320 2031 terrae
1337 1962 1481 2054 pulvere.

271 2057 403 2124 Dudum
427 2058 604 2147 sepulchris
627 2058 816 2148 squalleant,
936 2058 1194 2148 13.Evigilabunt
1223 2059 1254 2126 in
1294 2056 1390 2124 vitam
1428 2077 1482 2122 ae-

271 2151 385 2216 Divina
408 2150 510 2217 virtus
533 2149 659 2218 deserit.
886 2161 1023 2221 ternam..

249 2241 313 2311 Sed
339 2253 448 2319 sancta
472 2243 588 2332 templa
611 2243 747 2334 provido
935 2247 1017 2313 Lect.
1053 2245 1100 2312 De
1139 2243 1278 2336 Epistola
1318 2245 1350 2310 B.
1391 2240 1482 2314 Pauli

273 2336 397 2426 Implet,
422 2335 573 2426 fovetque
597 2337 746 2419 Numine,
889 2337 1032 2427 Apostoli
1067 2337 1106 2404 ad
1150 2339 1318 2405 Romanos.
1358 2337 1485 2404 Fratres

273 2430 359 2510 Quin
373 2440 414 2496 *et
438 2429 564 2496 loturae
587 2431 708 2521 perpeti
773 2427 780 2438 “
890 2429 1063 2510 debitores,
1086 2443 1119 2498 ut
1143 2429 1178 2498 io
1193 2429 1482 2500 eodcmcommunt'.

275 2523 350 2588 Post
372 2521 476 2589 saecla
500 2534 605 2591 servat
630 2524 758 2612 gloriae.
1007 2524 1049 2588 IN
1077 2524 1114 2588 ll.
1145 2524 1368 2592 NOCTURNO

250 2615 332 2682 Hinc
356 2615 420 2693 ille,
445 2616 500 2705 qui
526 2618 642 2684 nostris
667 2617 743 2685 latet
878 2632 880 2637 ’
935 2615 964 2681 i.
989 2616 1068 2683 lusti
1093 2617 1185 2707 quasi
1223 2619 1329 2684 virens
1369 2616 1481 2683 lolium

275 2709 361 2775 Ciuis
384 2707 447 2774 sub
470 2709 533 2775 aris
562 2709 721 2792 conditus,
889 2706 1122 2799 germinabunt.

274 2801 386 2890 Aegris
409 2801 566 2883 medetur,
593 2804 755 2893 prospicit,
935 2811 968 2884 q.
996 2804 1067 2870 Non
1098 2803 1353 2872 commovebitur
1392 2801 1483 2870 radiat

275 2896 425 2983 Torquet,
451 2895 604 2985 fugatque
633 2897 820 2965 Daemones.
888 2918 1012 2966 sorum.

252 2987 298 3054 Sit
322 2986 392 3054 laus
415 2986 485 3067 tibi,
510 2990 551 3056 sit
575 2987 675 3076 gloria
1114 2992 1195 3058 Lect.
1223 3011 1262 3058 rv.

276 3079 416 3151 Ventura
439 3080 543 3149 ludex
566 3081 695 3149 saeculi:
936 3083 983 3150 Ex
1007 3082 1102 3150 Libro
1142 3084 1173 3149 S.
1197 3084 1328 3152 loannis
1367 3083 1484 3149 Dama·

278 3173 358 3241 Cum
377 3177 478 3254 Patre,
495 3195 637 3265 cumque
658 3176 776 3266 Spiritu
892 3181 980 3243 sceni
1004 3175 1045 3244 do
1070 3173 1133 3244 lide
1148 3177 1336 3245 orthodoxa.

151 3316 155 3323 .
274 3265 311 3333 ln
335 3268 538 3337 saeculorum
562 3269 699 3338 saecula.
730 3276 840 3339 Amen.
1036 3268 1106 3338 Lib.
1133 3270 1162 3336 l.
1260 3273 1335 3358 Cap.
1363 3269 1414 3334 lb.

297 3365 327 3428 ri.
355 3360 502 3429 Custodit
541 3362 698 3429 Dominus
736 3363 843 3430 omnia
891 3309 1065 3430 Christus
1100 3365 1255 3430 Dominus
1295 3364 1490 3428 Sanctorum<

252 3472 325 3532 ossa
348 3476 470 3522 eorum.
890 3457 1051 3545 Reliquias
1075 3455 1364 3524 volut‘salutilercs
1383 3454 1484 3522 lantes

298 3550 330 3620 b·
354 3539 459 3616 Unum
484 3571 523 3616 ex
548 3547 597 3615 bis
628 3570 693 3616 non
733 3558 843 3616 conte-
889 3550 1048 3641 praebuit,
1073 3571 1111 3615 ex
1136 3548 1254 3640 quibus
1279 3548 1415 3641 plurima
1442 3545 1487 3612 nd

130 3720 131 3731 ἵ
250 3647 349 3707 retur.
890 3662 951 3709 nos
975 3640 1128 3709 beneficia
1153 3655 1291 3723 manant,
1331 3641 1485 3708 suavissi-

413 3733 464 3800 Ac
494 3733 679 3822 Mopnificot
886 3733 1482 3828 mumqueunguentumprolluit.Nec

297 3823 423 3915 Antiplv.
448 3827 584 3894 istorum
609 3837 658 3894 est
679 3826 773 3895 enim.
890 3829 1162 3919 veroquisquam
1189 3829 1260 3896 binc
1285 3826 1422 3896 sermoni
1447 3823 1484 3890 fi-

507 3919 617 3988 Orotio
649 3967 651 3971 ψ
889 3921 962 3992 dem
988 3921 1138 4000 detrahat.
1165 3923 1243 3988 Nam
1268 3923 1293 3988 si
1328 3941 1413 4009 aqua
1450 3919 1481 3986 in

251 3963 367 4078 ”eus
400 4012 457 4100 qui
482 4009 562 4080 banc
602 4013 860 4093 sacrosanctam¹
890 4014 1016 4083 deserto
1055 4037 1095 4081 ex
1133 4036 1255 4105 aspera,
1300 4024 1334 4081 et
1381 4010 1484 4080 solida

130 4142 132 4149 ν
251 4103 426 4172 Ecclesiam
451 4113 496 4171 tot
512 4105 638 4173 voluisti
655 4107 843 4174 Sanctorum
890 4130 981 4199 rupe,
1006 4118 1103 4197 atque
1125 4129 1165 4174 en
1188 4109 1266 4192 asini
1291 4106 1416 4176 maxilla
1440 4106 1483 4172 ad

130 4222 131 4247 ³
251 4196 404 4268 decorare
421 4199 583 4290 Reliquiis,
602 4202 732 4289 augeio
752 4199 845 4269 nobis
893 4198 1066 4270 sedandam
1099 4202 1266 4292 Sampsoni
1290 4201 1373 4270 sitim
1415 4203 1482 4274 Deo

253 4293 494 4364 resurrectionis
517 4291 626 4376 fidem,
651 4303 684 4363 et
707 4295 756 4363 lac
782 4315 841 4364 nos
887 4296 930 4364 ita
955 4295 1090 4378 volente,
1114 4294 1344 4388 prostiterit
1368 4310 1408 4364 ne
1423 4307 1482 4364 cur
