<?xml version="1.0" encoding="UTF-8"?>
<!DOCTYPE html PUBLIC "-//W3C//DTD XHTML 1.0 Transitional//EN"
    "http://www.w3.org/TR/xhtml1/DTD/xhtml1-transitional.dtd">
<html xmlns="http://www.w3.org/1999/xhtml" xml:lang="en" lang="en">
 <head>
  <title>
</title>
<meta http-equiv="Content-Type" content="text/html;charset=utf-8" />
  <meta name='ocr-system' content='tesseract 3.04.00' />
  <meta name='ocr-capabilities' content='ocr_page ocr_carea ocr_par ocr_line ocrx_word'/>
</head>
<body>
  <div class='ocr_page' id='page_1' title='image "./officiasanctoru00churgoog/officiasanctoru00churgoog_0211.png"; bbox 0 0 3584 5034; ppageno 0'>
   <div class='ocr_carea' id='block_1_1' title="bbox 255 637 1489 1680">
    <p class='ocr_par' dir='ltr' id='par_1_1' title="bbox 255 637 1489 1680">
     <span class='ocr_line' id='line_1_1' title="bbox 679 637 1480 726; baseline 0.005 -21"><span class='ocrx_word' id='word_1_1' title='bbox 679 639 806 706; x_wconf 76' lang='lat' dir='ltr'><strong>EESTA</strong></span> <span class='ocrx_word' id='word_1_2' title='bbox 830 637 1062 706; x_wconf 80' lang='lat' dir='ltr'><strong>Novsucflls</strong></span> <span class='ocrx_word' id='word_1_3' title='bbox 1418 643 1480 726; x_wconf 71' lang='lat'><strong>⁴9⁴,</strong></span> 
     </span>
     <span class='ocr_line' id='line_1_2' title="bbox 256 745 1483 843; baseline 0 -23"><span class='ocrx_word' id='word_1_4' title='bbox 256 745 343 823; x_wconf 71' lang='lat' dir='ltr'><strong>ri&#39;ao</strong></span> <span class='ocrx_word' id='word_1_5' title='bbox 376 747 589 842; x_wconf 82' lang='lat' dir='ltr'><strong>pmpugnaro.</strong></span> <span class='ocrx_word' id='word_1_6' title='bbox 628 748 710 818; x_wconf 88' lang='lat' dir='ltr'><strong>llinc</strong></span> <span class='ocrx_word' id='word_1_7' title='bbox 733 749 848 819; x_wconf 75' lang='lat' dir='ltr'><strong>decre·</strong></span> <span class='ocrx_word' id='word_1_8' title='bbox 891 748 1109 840; x_wconf 82' lang='lat' dir='ltr'><strong>tuendamque</strong></span> <span class='ocrx_word' id='word_1_9' title='bbox 1139 745 1348 841; x_wconf 50' lang='lat' dir='ltr'><strong>&#39;susceperim</strong></span> <span class='ocrx_word' id='word_1_10' title='bbox 1385 762 1483 843; x_wconf 82' lang='lat' dir='ltr'><strong>atque</strong></span> 
     </span>
     <span class='ocr_line' id='line_1_3' title="bbox 255 843 1484 936; baseline -0.001 -22"><span class='ocrx_word' id='word_1_11' title='bbox 255 848 335 914; x_wconf 84' lang='lat' dir='ltr'><strong>toria</strong></span> <span class='ocrx_word' id='word_1_12' title='bbox 358 847 452 936; x_wconf 88' lang='lat' dir='ltr'><strong>plane</strong></span> <span class='ocrx_word' id='word_1_13' title='bbox 474 844 598 924; x_wconf 86' lang='lat' dir='ltr'><strong>verba,</strong></span> <span class='ocrx_word' id='word_1_14' title='bbox 622 843 742 933; x_wconf 90' lang='lat' dir='ltr'><strong>quibus</strong></span> <span class='ocrx_word' id='word_1_15' title='bbox 758 843 846 911; x_wconf 73' lang='lat' dir='ltr'><strong>‘Ale··</strong></span> <span class='ocrx_word' id='word_1_16' title='bbox 890 844 1020 912; x_wconf 89' lang='lat' dir='ltr'><strong>omnino</strong></span> <span class='ocrx_word' id='word_1_17' title='bbox 1044 843 1193 932; x_wconf 83' lang='lat' dir='ltr'><strong>dignam,</strong></span> <span class='ocrx_word' id='word_1_18' title='bbox 1222 864 1305 934; x_wconf 86' lang='lat' dir='ltr'><strong>quae</strong></span> <span class='ocrx_word' id='word_1_19' title='bbox 1331 846 1361 911; x_wconf 93' lang='lat' dir='ltr'><strong>in</strong></span> <span class='ocrx_word' id='word_1_20' title='bbox 1392 865 1484 913; x_wconf 85' lang='lat' dir='ltr'><strong>sacra</strong></span> 
     </span>
     <span class='ocr_line' id='line_1_4' title="bbox 255 936 1484 1028; baseline 0 -22"><span class='ocrx_word' id='word_1_21' title='bbox 255 938 376 1006; x_wconf 87' lang='lat' dir='ltr'><strong>xander</strong></span> <span class='ocrx_word' id='word_1_22' title='bbox 387 939 547 1028; x_wconf 87' lang='lat' dir='ltr'><strong>Septimus</strong></span> <span class='ocrx_word' id='word_1_23' title='bbox 559 940 714 1006; x_wconf 90' lang='lat' dir='ltr'><strong>Decessor</strong></span> <span class='ocrx_word' id='word_1_24' title='bbox 729 938 845 1004; x_wconf 78' lang='lat' dir='ltr'><strong>Noster</strong></span> <span class='ocrx_word' id='word_1_25' title='bbox 890 938 961 1026; x_wconf 86' lang='lat' dir='ltr'><strong>ipsa</strong></span> <span class='ocrx_word' id='word_1_26' title='bbox 986 937 1147 1026; x_wconf 73' lang='lat' dir='ltr'><strong>liturgia,</strong></span> <span class='ocrx_word' id='word_1_27' title='bbox 1173 936 1484 1028; x_wconf 81' lang='lat' dir='ltr'><strong>solemnioribusque</strong></span> 
     </span>
     <span class='ocr_line' id='line_1_5' title="bbox 256 1029 1485 1121; baseline -0.002 -21"><span class='ocrx_word' id='word_1_28' title='bbox 256 1034 412 1100; x_wconf 83' lang='lat' dir='ltr'><strong>sinceram</strong></span> <span class='ocrx_word' id='word_1_29' title='bbox 437 1031 597 1098; x_wconf 88' lang='lat' dir='ltr'><strong>Ecclesiae</strong></span> <span class='ocrx_word' id='word_1_30' title='bbox 621 1040 758 1097; x_wconf 80' lang='lat' dir='ltr'><strong>mentem</strong></span> <span class='ocrx_word' id='word_1_31' title='bbox 792 1030 848 1098; x_wconf 92' lang='lat' dir='ltr'><strong>de·</strong></span> <span class='ocrx_word' id='word_1_32' title='bbox 895 1029 1046 1119; x_wconf 84' lang='lat' dir='ltr'><strong>precibus</strong></span> <span class='ocrx_word' id='word_1_33' title='bbox 1070 1040 1287 1120; x_wconf 76' lang='lat' dir='ltr'><strong>usurparetur.</strong></span> <span class='ocrx_word' id='word_1_34' title='bbox 1311 1031 1423 1121; x_wconf 90' lang='lat' dir='ltr'><strong>Neque</strong></span> <span class='ocrx_word' id='word_1_35' title='bbox 1435 1031 1485 1098; x_wconf 90' lang='lat' dir='ltr'><strong>bis</strong></span> 
     </span>
     <span class='ocr_line' id='line_1_6' title="bbox 255 1116 1486 1213; baseline -0.001 -20"><span class='ocrx_word' id='word_1_36' title='bbox 255 1116 398 1203; x_wconf 78' lang='lat' dir='ltr'><strong>claravit,</strong></span> <span class='ocrx_word' id='word_1_37' title='bbox 438 1125 594 1213; x_wconf 90' lang='lat' dir='ltr'><strong>inquiens:</strong></span> <span class='ocrx_word' id='word_1_38' title='bbox 635 1124 718 1190; x_wconf 85' lang='lat' dir='ltr'><strong>Sene</strong></span> <span class='ocrx_word' id='word_1_39' title='bbox 752 1134 846 1192; x_wconf 88' lang='lat' dir='ltr'><strong>vetus</strong></span> <span class='ocrx_word' id='word_1_40' title='bbox 894 1123 1043 1204; x_wconf 84' lang='lat' dir='ltr'><strong>contenti,</strong></span> <span class='ocrx_word' id='word_1_41' title='bbox 1068 1135 1104 1189; x_wconf 93' lang='lat' dir='ltr'><strong>ut</strong></span> <span class='ocrx_word' id='word_1_42' title='bbox 1129 1123 1195 1212; x_wconf 86' lang='lat' dir='ltr'><strong>ipsa</strong></span> <span class='ocrx_word' id='word_1_43' title='bbox 1222 1123 1263 1191; x_wconf 90' lang='lat' dir='ltr'><strong>de</strong></span> <span class='ocrx_word' id='word_1_44' title='bbox 1279 1123 1486 1192; x_wconf 84' lang='lat' dir='ltr'><strong>Immaculato</strong></span> 
     </span>
     <span class='ocr_line' id='line_1_7' title="bbox 255 1214 1486 1306; baseline -0.003 -20"><span class='ocrx_word' id='word_1_45' title='bbox 255 1229 305 1286; x_wconf 89' lang='lat' dir='ltr'><strong>est</strong></span> <span class='ocrx_word' id='word_1_46' title='bbox 329 1217 584 1285; x_wconf 88' lang='lat' dir='ltr'><strong>Christilidelium</strong></span> <span class='ocrx_word' id='word_1_47' title='bbox 597 1220 671 1303; x_wconf 87' lang='lat' dir='ltr'><strong>erga</strong></span> <span class='ocrx_word' id='word_1_48' title='bbox 687 1217 757 1305; x_wconf 85' lang='lat' dir='ltr'><strong>ejus</strong></span> <span class='ocrx_word' id='word_1_49' title='bbox 773 1214 847 1283; x_wconf 87' lang='lat' dir='ltr'><strong>bea·</strong></span> <span class='ocrx_word' id='word_1_50' title='bbox 894 1216 1030 1304; x_wconf 83' lang='lat' dir='ltr'><strong>Virginis</strong></span> <span class='ocrx_word' id='word_1_51' title='bbox 1066 1217 1229 1306; x_wconf 90' lang='lat' dir='ltr'><strong>Conceptu</strong></span> <span class='ocrx_word' id='word_1_52' title='bbox 1271 1216 1414 1284; x_wconf 87' lang='lat' dir='ltr'><strong>doctrina</strong></span> <span class='ocrx_word' id='word_1_53' title='bbox 1438 1219 1486 1283; x_wconf 90' lang='lat' dir='ltr'><strong>in-</strong></span> 
     </span>
     <span class='ocr_line' id='line_1_8' title="bbox 256 1309 1486 1400; baseline 0.002 -24"><span class='ocrx_word' id='word_1_54' title='bbox 256 1311 406 1377; x_wconf 89' lang='lat' dir='ltr'><strong>tissimam</strong></span> <span class='ocrx_word' id='word_1_55' title='bbox 432 1311 561 1377; x_wconf 86' lang='lat' dir='ltr'><strong>llatrem</strong></span> <span class='ocrx_word' id='word_1_56' title='bbox 588 1309 743 1398; x_wconf 86' lang='lat' dir='ltr'><strong>Virginem</strong></span> <span class='ocrx_word' id='word_1_57' title='bbox 783 1310 848 1375; x_wconf 86' lang='lat' dir='ltr'><strong>lla-</strong></span> <span class='ocrx_word' id='word_1_58' title='bbox 894 1310 1013 1375; x_wconf 82' lang='lat' dir='ltr'><strong>ululata</strong></span> <span class='ocrx_word' id='word_1_59' title='bbox 1053 1310 1257 1398; x_wconf 87' lang='lat' dir='ltr'><strong>persisteret,</strong></span> <span class='ocrx_word' id='word_1_60' title='bbox 1303 1309 1486 1400; x_wconf 89' lang='lat' dir='ltr'><strong>opinionem</strong></span> 
     </span>
     <span class='ocr_line' id='line_1_9' title="bbox 255 1399 1489 1493; baseline -0.001 -23"><span class='ocrx_word' id='word_1_61' title='bbox 255 1404 334 1470; x_wconf 84' lang='lat' dir='ltr'><strong>riam</strong></span> <span class='ocrx_word' id='word_1_62' title='bbox 351 1404 450 1493; x_wconf 89' lang='lat' dir='ltr'><strong>pietas</strong></span> <span class='ocrx_word' id='word_1_63' title='bbox 467 1405 679 1482; x_wconf 86' lang='lat' dir='ltr'><strong>sentientium,</strong></span> <span class='ocrx_word' id='word_1_64' title='bbox 697 1403 768 1490; x_wconf 88' lang='lat' dir='ltr'><strong>ejus</strong></span> <span class='ocrx_word' id='word_1_65' title='bbox 784 1402 853 1468; x_wconf 90' lang='lat' dir='ltr'><strong>ani·</strong></span> <span class='ocrx_word' id='word_1_66' title='bbox 900 1401 976 1468; x_wconf 90' lang='lat' dir='ltr'><strong>huic</strong></span> <span class='ocrx_word' id='word_1_67' title='bbox 999 1401 1162 1470; x_wconf 83' lang='lat' dir='ltr'><strong>doctrinae</strong></span> <span class='ocrx_word' id='word_1_68' title='bbox 1199 1401 1364 1471; x_wconf 86' lang='lat' dir='ltr'><strong>adversam</strong></span> <span class='ocrx_word' id='word_1_69' title='bbox 1385 1455 1393 1481; x_wconf 83' lang='lat'>‚</span> <span class='ocrx_word' id='word_1_70' title='bbox 1413 1399 1489 1470; x_wconf 80' lang='lat' dir='ltr'><strong>&#39;sive</strong></span> 
     </span>
     <span class='ocr_line' id='line_1_10' title="bbox 257 1493 1487 1586; baseline -0.002 -23"><span class='ocrx_word' id='word_1_71' title='bbox 257 1518 331 1563; x_wconf 87' lang='lat' dir='ltr'><strong>nam</strong></span> <span class='ocrx_word' id='word_1_72' title='bbox 356 1498 386 1563; x_wconf 94' lang='lat' dir='ltr'><strong>in</strong></span> <span class='ocrx_word' id='word_1_73' title='bbox 411 1498 514 1586; x_wconf 93' lang='lat' dir='ltr'><strong>primo</strong></span> <span class='ocrx_word' id='word_1_74' title='bbox 539 1496 663 1564; x_wconf 85' lang='lat' dir='ltr'><strong>instanti</strong></span> <span class='ocrx_word' id='word_1_75' title='bbox 680 1495 849 1570; x_wconf 78' lang='lat' dir='ltr'><strong>creationis</strong></span> <span class='ocrx_word' id='word_1_76' title='bbox 897 1493 1049 1584; x_wconf 88' lang='lat' dir='ltr'><strong>pubblice</strong></span> <span class='ocrx_word' id='word_1_77' title='bbox 1073 1496 1138 1563; x_wconf 91' lang='lat' dir='ltr'><strong>sive</strong></span> <span class='ocrx_word' id='word_1_78' title='bbox 1161 1497 1332 1586; x_wconf 85' lang='lat' dir='ltr'><strong>privatim,</strong></span> <span class='ocrx_word' id='word_1_79' title='bbox 1357 1494 1487 1564; x_wconf 86' lang='lat' dir='ltr'><strong>delendi</strong></span> 
     </span>
     <span class='ocr_line' id='line_1_11' title="bbox 257 1587 1486 1680; baseline 0 -24"><span class='ocrx_word' id='word_1_80' title='bbox 257 1600 355 1680; x_wconf 86' lang='lat' dir='ltr'><strong>atque</strong></span> <span class='ocrx_word' id='word_1_81' title='bbox 379 1590 546 1656; x_wconf 84' lang='lat' dir='ltr'><strong>infusionis</strong></span> <span class='ocrx_word' id='word_1_82' title='bbox 570 1590 601 1654; x_wconf 91' lang='lat' dir='ltr'><strong>in</strong></span> <span class='ocrx_word' id='word_1_83' title='bbox 625 1589 744 1676; x_wconf 90' lang='lat' dir='ltr'><strong>corpus</strong></span> <span class='ocrx_word' id='word_1_84' title='bbox 772 1587 849 1654; x_wconf 90' lang='lat' dir='ltr'><strong>iuis·</strong></span> <span class='ocrx_word' id='word_1_85' title='bbox 899 1608 994 1676; x_wconf 87' lang='lat' dir='ltr'><strong>posse</strong></span> <span class='ocrx_word' id='word_1_86' title='bbox 1037 1589 1235 1678; x_wconf 72' lang='lat' dir='ltr'><strong>severissime</strong></span> <span class='ocrx_word' id='word_1_87' title='bbox 1274 1588 1486 1680; x_wconf 82' lang='lat' dir='ltr'><strong>prohibuere,</strong></span> 
     </span>
    </p>
   </div>
   <div class='ocr_carea' id='block_1_2' title="bbox 136 1681 1486 1773">
    <p class='ocr_par' dir='ltr' id='par_1_2' title="bbox 136 1681 1486 1773">
     <span class='ocr_line' id='line_1_12' title="bbox 136 1681 1486 1773; baseline 0.001 -23"><span class='ocrx_word' id='word_1_88' title='bbox 136 1762 137 1765; x_wconf 8' lang='grc' dir='ltr'><strong>Ἴ</strong></span> <span class='ocrx_word' id='word_1_89' title='bbox 255 1705 293 1750; x_wconf 91' lang='lat' dir='ltr'><strong>se</strong></span> <span class='ocrx_word' id='word_1_90' title='bbox 314 1682 443 1773; x_wconf 87' lang='lat' dir='ltr'><strong>speciali</strong></span> <span class='ocrx_word' id='word_1_91' title='bbox 469 1683 524 1748; x_wconf 89' lang='lat' dir='ltr'><strong>Dei</strong></span> <span class='ocrx_word' id='word_1_92' title='bbox 550 1681 650 1770; x_wconf 86' lang='lat' dir='ltr'><strong>gratia</strong></span> <span class='ocrx_word' id='word_1_93' title='bbox 673 1691 705 1748; x_wconf 91' lang='lat' dir='ltr'><strong>et</strong></span> <span class='ocrx_word' id='word_1_94' title='bbox 743 1683 843 1769; x_wconf 90' lang='lat' dir='ltr'><strong>privi-</strong></span> <span class='ocrx_word' id='word_1_95' title='bbox 890 1702 1028 1770; x_wconf 89' lang='lat' dir='ltr'><strong>eamque</strong></span> <span class='ocrx_word' id='word_1_96' title='bbox 1052 1681 1220 1772; x_wconf 86' lang='lat' dir='ltr'><strong>multipiici</strong></span> <span class='ocrx_word' id='word_1_97' title='bbox 1244 1685 1343 1750; x_wconf 87' lang='lat' dir='ltr'><strong>veluti</strong></span> <span class='ocrx_word' id='word_1_98' title='bbox 1373 1682 1486 1751; x_wconf 85' lang='lat' dir='ltr'><strong>vulne·</strong></span> 
     </span>
    </p>
   </div>
   <div class='ocr_carea' id='block_1_3' title="bbox 192 1775 1494 4385">
    <p class='ocr_par' dir='ltr' id='par_1_3' title="bbox 192 1775 1494 4385">
     <span class='ocr_line' id='line_1_13' title="bbox 257 1775 1438 1863; baseline 0 -22"><span class='ocrx_word' id='word_1_99' title='bbox 257 1775 351 1863; x_wconf 89' lang='lat' dir='ltr'><strong>legio,</strong></span> <span class='ocrx_word' id='word_1_100' title='bbox 391 1777 507 1842; x_wconf 89' lang='lat' dir='ltr'><strong>intuitu</strong></span> <span class='ocrx_word' id='word_1_101' title='bbox 548 1775 735 1841; x_wconf 84' lang='lat' dir='ltr'><strong>meritorum</strong></span> <span class='ocrx_word' id='word_1_102' title='bbox 774 1778 852 1841; x_wconf 85' lang='lat' dir='ltr'><strong>lesu</strong></span> <span class='ocrx_word' id='word_1_103' title='bbox 899 1796 934 1841; x_wconf 89' lang='lat' dir='ltr'><strong>re</strong></span> <span class='ocrx_word' id='word_1_104' title='bbox 957 1775 1134 1842; x_wconf 78' lang='lat' dir='ltr'><strong>conlectum</strong></span> <span class='ocrx_word' id='word_1_105' title='bbox 1160 1797 1231 1844; x_wconf 89' lang='lat' dir='ltr'><strong>esse</strong></span> <span class='ocrx_word' id='word_1_106' title='bbox 1255 1776 1438 1845; x_wconf 89' lang='lat' dir='ltr'><strong>voluerunt.</strong></span> 
     </span>
     <span class='ocr_line' id='line_1_14' title="bbox 258 1867 1315 1957; baseline 0 -22"><span class='ocrx_word' id='word_1_107' title='bbox 258 1869 372 1935; x_wconf 88' lang='lat' dir='ltr'><strong>Christi</strong></span> <span class='ocrx_word' id='word_1_108' title='bbox 396 1869 466 1957; x_wconf 85' lang='lat' dir='ltr'><strong>ejus</strong></span> <span class='ocrx_word' id='word_1_109' title='bbox 490 1867 558 1934; x_wconf 82' lang='lat' dir='ltr'><strong>Filii</strong></span> <span class='ocrx_word' id='word_1_110' title='bbox 584 1867 713 1934; x_wconf 85' lang='lat' dir='ltr'><strong>humani</strong></span> <span class='ocrx_word' id='word_1_111' title='bbox 729 1889 733 1896; x_wconf 80' lang='grc'><em>’</em></span> <span class='ocrx_word' id='word_1_112' title='bbox 752 1888 849 1955; x_wconf 90' lang='lat' dir='ltr'><strong>gene-</strong></span> <span class='ocrx_word' id='word_1_113' title='bbox 942 1871 974 1948; x_wconf 74' lang='lat' dir='ltr'><strong>d.</strong></span> <span class='ocrx_word' id='word_1_114' title='bbox 999 1869 1130 1955; x_wconf 83' lang='lat' dir='ltr'><strong>Signum</strong></span> <span class='ocrx_word' id='word_1_115' title='bbox 1157 1890 1315 1956; x_wconf 84' lang='lat' dir='ltr'><strong>magnum.</strong></span> 
     </span>
     <span class='ocr_line' id='line_1_15' title="bbox 252 1959 1378 2050; baseline 0.003 -23"><span class='ocrx_word' id='word_1_116' title='bbox 252 1962 297 2028; x_wconf 91' lang='lat' dir='ltr'><strong>ris</strong></span> <span class='ocrx_word' id='word_1_117' title='bbox 323 1960 596 2050; x_wconf 87' lang='lat' dir='ltr'><strong>Redemptoris,a</strong></span> <span class='ocrx_word' id='word_1_118' title='bbox 630 1959 756 2026; x_wconf 86' lang='lat' dir='ltr'><strong>macula</strong></span> <span class='ocrx_word' id='word_1_119' title='bbox 774 1980 849 2050; x_wconf 91' lang='lat' dir='ltr'><strong>pec·</strong></span> <span class='ocrx_word' id='word_1_120' title='bbox 1005 1961 1047 2026; x_wconf 93' lang='lat' dir='ltr'><strong>lN</strong></span> <span class='ocrx_word' id='word_1_121' title='bbox 1072 1961 1128 2027; x_wconf 93' lang='lat' dir='ltr'><strong>lll.</strong></span> <span class='ocrx_word' id='word_1_122' title='bbox 1155 1962 1378 2031; x_wconf 83' lang='lat' dir='ltr'>NOCTURNO</span> 
     </span>
     <span class='ocr_line' id='line_1_16' title="bbox 253 2053 1487 2146; baseline 0.002 -26"><span class='ocrx_word' id='word_1_123' title='bbox 253 2055 314 2120; x_wconf 88' lang='lat' dir='ltr'><strong>cati</strong></span> <span class='ocrx_word' id='word_1_124' title='bbox 341 2054 501 2142; x_wconf 87' lang='lat' dir='ltr'><strong>originalis</strong></span> <span class='ocrx_word' id='word_1_125' title='bbox 525 2064 758 2144; x_wconf 85' lang='lat' dir='ltr'><strong>praeservatam</strong></span> <span class='ocrx_word' id='word_1_126' title='bbox 789 2054 848 2119; x_wconf 93' lang='lat' dir='ltr'><strong>im·</strong></span> <span class='ocrx_word' id='word_1_127' title='bbox 943 2053 1051 2120; x_wconf 85' lang='lat' dir='ltr'><strong>Lectio</strong></span> <span class='ocrx_word' id='word_1_128' title='bbox 1075 2055 1173 2120; x_wconf 87' lang='lat' dir='ltr'><strong>sancti</strong></span> <span class='ocrx_word' id='word_1_129' title='bbox 1191 2056 1355 2146; x_wconf 79' lang='lat' dir='ltr'><strong>Evangelii</strong></span> <span class='ocrx_word' id='word_1_130' title='bbox 1370 2077 1487 2124; x_wconf 85' lang='lat' dir='ltr'><strong>secun·</strong></span> 
     </span>
     <span class='ocr_line' id='line_1_17' title="bbox 192 2144 1133 2235; baseline -0.001 -22"><span class='ocrx_word' id='word_1_131' title='bbox 192 2225 194 2229; x_wconf 21' lang='lat'><strong><em>¹</em></strong></span> <span class='ocrx_word' id='word_1_132' title='bbox 254 2168 397 2225; x_wconf 91' lang='lat' dir='ltr'><strong>munem,</strong></span> <span class='ocrx_word' id='word_1_133' title='bbox 421 2157 520 2235; x_wconf 80' lang='lat' dir='ltr'><strong>atque</strong></span> <span class='ocrx_word' id='word_1_134' title='bbox 541 2149 571 2211; x_wconf 91' lang='lat' dir='ltr'><strong>in</strong></span> <span class='ocrx_word' id='word_1_135' title='bbox 588 2145 649 2211; x_wconf 91' lang='lat' dir='ltr'><strong>boc</strong></span> <span class='ocrx_word' id='word_1_136' title='bbox 666 2167 763 2211; x_wconf 91' lang='lat' dir='ltr'><strong>sensu</strong></span> <span class='ocrx_word' id='word_1_137' title='bbox 779 2146 849 2234; x_wconf 88' lang='lat' dir='ltr'><strong>ejus</strong></span> <span class='ocrx_word' id='word_1_138' title='bbox 897 2144 977 2212; x_wconf 92' lang='lat' dir='ltr'><strong>dum</strong></span> <span class='ocrx_word' id='word_1_139' title='bbox 1004 2147 1133 2216; x_wconf 85' lang='lat' dir='ltr'><strong>Lucam.</strong></span> 
     </span>
     <span class='ocr_line' id='line_1_18' title="bbox 255 2237 1400 2331; baseline 0.003 -26"><span class='ocrx_word' id='word_1_140' title='bbox 255 2239 482 2328; x_wconf 88' lang='lat' dir='ltr'><strong>Conceptionis</strong></span> <span class='ocrx_word' id='word_1_141' title='bbox 506 2239 703 2306; x_wconf 79' lang='lat' dir='ltr'><strong>testivitatem</strong></span> <span class='ocrx_word' id='word_1_142' title='bbox 715 2237 848 2306; x_wconf 86' lang='lat' dir='ltr'><strong>solemni</strong></span> <span class='ocrx_word' id='word_1_143' title='bbox 988 2241 1069 2308; x_wconf 84' lang='lat' dir='ltr'><strong>Lect.</strong></span> <span class='ocrx_word' id='word_1_144' title='bbox 1093 2260 1145 2306; x_wconf 87' lang='lat' dir='ltr'><strong>vu.</strong></span> <span class='ocrx_word' id='word_1_145' title='bbox 1241 2240 1344 2331; x_wconf 84' lang='lat' dir='ltr'><strong>Capit.</strong></span> <span class='ocrx_word' id='word_1_146' title='bbox 1373 2244 1400 2308; x_wconf 88' lang='lat' dir='ltr'><strong>l.</strong></span> 
     </span>
     <span class='ocr_line' id='line_1_19' title="bbox 254 2288 1489 2422; baseline 0 -21"><span class='ocrx_word' id='word_1_147' title='bbox 254 2335 321 2401; x_wconf 90' lang='lat' dir='ltr'><strong>ritu</strong></span> <span class='ocrx_word' id='word_1_148' title='bbox 345 2331 518 2400; x_wconf 88' lang='lat' dir='ltr'><strong>colentium</strong></span> <span class='ocrx_word' id='word_1_149' title='bbox 542 2341 574 2399; x_wconf 86' lang='lat' dir='ltr'><strong>et</strong></span> <span class='ocrx_word' id='word_1_150' title='bbox 596 2328 833 2398; x_wconf 84' lang='lat' dir='ltr'><strong>celebrantium.</strong></span> <span class='ocrx_word' id='word_1_151' title='bbox 901 2288 954 2398; x_wconf 72' lang='lat' dir='ltr'><strong>&#39;n</strong></span> <span class='ocrx_word' id='word_1_152' title='bbox 977 2332 1040 2418; x_wconf 91' lang='lat' dir='ltr'><strong>illo</strong></span> <span class='ocrx_word' id='word_1_153' title='bbox 1057 2343 1210 2422; x_wconf 85' lang='lat' dir='ltr'><strong>tempore:</strong></span> <span class='ocrx_word' id='word_1_154' title='bbox 1227 2334 1340 2405; x_wconf 87' lang='lat' dir='ltr'><strong>llissus</strong></span> <span class='ocrx_word' id='word_1_155' title='bbox 1364 2339 1489 2404; x_wconf 71' lang='lat' dir='ltr'><strong>estun</strong></span> 
     </span>
     <span class='ocr_line' id='line_1_20' title="bbox 302 2425 1487 2516; baseline 0.003 -24"><span class='ocrx_word' id='word_1_156' title='bbox 302 2429 335 2502; x_wconf 68' lang='lat' dir='ltr'><strong>d.</strong></span> <span class='ocrx_word' id='word_1_157' title='bbox 358 2426 441 2493; x_wconf 91' lang='lat' dir='ltr'><strong>Nibil</strong></span> <span class='ocrx_word' id='word_1_158' title='bbox 458 2427 670 2516; x_wconf 86' lang='lat' dir='ltr'><strong>inquinatum.</strong></span> <span class='ocrx_word' id='word_1_159' title='bbox 898 2425 989 2511; x_wconf 88' lang='lat' dir='ltr'><strong>gelus</strong></span> <span class='ocrx_word' id='word_1_160' title='bbox 1013 2425 1139 2492; x_wconf 84' lang='lat' dir='ltr'><strong>Gabriel</strong></span> <span class='ocrx_word' id='word_1_161' title='bbox 1156 2447 1175 2493; x_wconf 89' lang='lat' dir='ltr'><strong>a</strong></span> <span class='ocrx_word' id='word_1_162' title='bbox 1191 2428 1258 2494; x_wconf 90' lang='lat' dir='ltr'><strong>Deo</strong></span> <span class='ocrx_word' id='word_1_163' title='bbox 1282 2429 1313 2496; x_wconf 95' lang='lat' dir='ltr'><strong>in</strong></span> <span class='ocrx_word' id='word_1_164' title='bbox 1329 2431 1487 2500; x_wconf 88' lang='lat' dir='ltr'><strong>civitatem</strong></span> 
     </span>
     <span class='ocr_line' id='line_1_21' title="bbox 478 2517 1486 2603; baseline 0 -15"><span class='ocrx_word' id='word_1_165' title='bbox 478 2522 562 2588; x_wconf 83' lang='lat' dir='ltr'><strong>Leot.</strong></span> <span class='ocrx_word' id='word_1_166' title='bbox 587 2538 628 2584; x_wconf 85' lang='lat' dir='ltr'><strong>u.</strong></span> <span class='ocrx_word' id='word_1_167' title='bbox 898 2517 1069 2597; x_wconf 81' lang='lat' dir='ltr'><strong>Galilaeae,¹</strong></span> <span class='ocrx_word' id='word_1_168' title='bbox 1091 2519 1142 2584; x_wconf 90' lang='lat' dir='ltr'><strong>cui</strong></span> <span class='ocrx_word' id='word_1_169' title='bbox 1168 2539 1283 2586; x_wconf 89' lang='lat' dir='ltr'><strong>nomen</strong></span> <span class='ocrx_word' id='word_1_170' title='bbox 1322 2521 1486 2603; x_wconf 85' lang='lat' dir='ltr'><strong>Nazareth,</strong></span> 
     </span>
     <span class='ocr_line' id='line_1_22' title="bbox 257 2563 1489 2703; baseline 0.005 -28"><span class='ocrx_word' id='word_1_171' title='bbox 257 2563 393 2703; x_wconf 63' lang='lat' dir='ltr'><strong>Atque</strong></span> <span class='ocrx_word' id='word_1_172' title='bbox 418 2611 496 2678; x_wconf 93' lang='lat' dir='ltr'><strong>illud</strong></span> <span class='ocrx_word' id='word_1_173' title='bbox 522 2614 554 2678; x_wconf 93' lang='lat' dir='ltr'><strong>in</strong></span> <span class='ocrx_word' id='word_1_174' title='bbox 581 2610 690 2701; x_wconf 89' lang='lat' dir='ltr'><strong>primis</strong></span> <span class='ocrx_word' id='word_1_175' title='bbox 707 2609 852 2680; x_wconf 86' lang='lat' dir='ltr'><strong>solemne</strong></span> <span class='ocrx_word' id='word_1_176' title='bbox 897 2609 939 2678; x_wconf 87' lang='lat' dir='ltr'><strong>ad</strong></span> <span class='ocrx_word' id='word_1_177' title='bbox 963 2611 1123 2698; x_wconf 80' lang='lat' dir='ltr'><strong>Virginem</strong></span> <span class='ocrx_word' id='word_1_178' title='bbox 1161 2611 1382 2701; x_wconf 87' lang='lat' dir='ltr'><strong>desponsatam</strong></span> <span class='ocrx_word' id='word_1_179' title='bbox 1413 2615 1489 2682; x_wconf 94' lang='lat' dir='ltr'><strong>Viro</strong></span> 
     </span>
     <span class='ocr_line' id='line_1_23' title="bbox 254 2703 1488 2798; baseline 0.003 -28"><span class='ocrx_word' id='word_1_180' title='bbox 254 2725 390 2795; x_wconf 83' lang='lat' dir='ltr'><strong>quoque</strong></span> <span class='ocrx_word' id='word_1_181' title='bbox 414 2706 471 2772; x_wconf 84' lang='lat' dir='ltr'><strong>luit</strong></span> <span class='ocrx_word' id='word_1_182' title='bbox 488 2703 598 2772; x_wconf 89' lang='lat' dir='ltr'><strong>iisdem</strong></span> <span class='ocrx_word' id='word_1_183' title='bbox 616 2704 844 2771; x_wconf 82' lang='lat' dir='ltr'><strong>Decessoribus</strong></span> <span class='ocrx_word' id='word_1_184' title='bbox 892 2705 944 2770; x_wconf 91' lang='lat' dir='ltr'><strong>cui</strong></span> <span class='ocrx_word' id='word_1_185' title='bbox 970 2725 1086 2770; x_wconf 91' lang='lat' dir='ltr'><strong>nomen</strong></span> <span class='ocrx_word' id='word_1_186' title='bbox 1111 2715 1181 2772; x_wconf 87' lang='lat' dir='ltr'><strong>erat</strong></span> <span class='ocrx_word' id='word_1_187' title='bbox 1204 2707 1323 2798; x_wconf 88' lang='lat' dir='ltr'><strong>loseph</strong></span> <span class='ocrx_word' id='word_1_188' title='bbox 1362 2705 1402 2774; x_wconf 90' lang='lat' dir='ltr'><strong>de</strong></span> <span class='ocrx_word' id='word_1_189' title='bbox 1429 2705 1488 2774; x_wconf 85' lang='lat' dir='ltr'><strong>do-</strong></span> 
     </span>
     <span class='ocr_line' id='line_1_24' title="bbox 254 2796 1489 2889; baseline 0.003 -25"><span class='ocrx_word' id='word_1_190' title='bbox 254 2800 379 2867; x_wconf 89' lang='lat' dir='ltr'><strong>Nostris</strong></span> <span class='ocrx_word' id='word_1_191' title='bbox 407 2798 582 2866; x_wconf 89' lang='lat' dir='ltr'><strong>doctrinam</strong></span> <span class='ocrx_word' id='word_1_192' title='bbox 619 2797 661 2863; x_wconf 93' lang='lat' dir='ltr'><strong>de</strong></span> <span class='ocrx_word' id='word_1_193' title='bbox 692 2798 852 2864; x_wconf 86' lang='lat' dir='ltr'><strong>lmmacu·</strong></span> <span class='ocrx_word' id='word_1_194' title='bbox 901 2796 1104 2878; x_wconf 70' lang='lat' dir='ltr'><strong>mollario,</strong></span> <span class='ocrx_word' id='word_1_195' title='bbox 1132 2807 1164 2865; x_wconf 90' lang='lat' dir='ltr'><strong>et</strong></span> <span class='ocrx_word' id='word_1_196' title='bbox 1203 2820 1318 2869; x_wconf 94' lang='lat' dir='ltr'><strong>nomen</strong></span> <span class='ocrx_word' id='word_1_197' title='bbox 1353 2800 1489 2889; x_wconf 88' lang='lat' dir='ltr'><strong>Virginis</strong></span> 
     </span>
     <span class='ocr_line' id='line_1_25' title="bbox 254 2889 1221 2981; baseline 0 -23"><span class='ocrx_word' id='word_1_198' title='bbox 254 2891 321 2958; x_wconf 83' lang='lat' dir='ltr'><strong>lata</strong></span> <span class='ocrx_word' id='word_1_199' title='bbox 345 2893 402 2960; x_wconf 89' lang='lat' dir='ltr'><strong>Dei</strong></span> <span class='ocrx_word' id='word_1_200' title='bbox 421 2893 525 2957; x_wconf 83' lang='lat' dir='ltr'><strong>llotris</strong></span> <span class='ocrx_word' id='word_1_201' title='bbox 540 2889 757 2979; x_wconf 72' lang='lat' dir='ltr'><strong>Conceptionis</strong></span> <span class='ocrx_word' id='word_1_202' title='bbox 780 2911 847 2956; x_wconf 87' lang='lat' dir='ltr'><strong>sar·</strong></span> <span class='ocrx_word' id='word_1_203' title='bbox 895 2890 1001 2956; x_wconf 85' lang='lat' dir='ltr'><strong>llaria.</strong></span> <span class='ocrx_word' id='word_1_204' title='bbox 1025 2891 1063 2958; x_wconf 88' lang='lat' dir='ltr'><strong>Et</strong></span> <span class='ocrx_word' id='word_1_205' title='bbox 1086 2889 1221 2981; x_wconf 89' lang='lat' dir='ltr'><strong>reliqua.</strong></span> 
     </span>
     <span class='ocr_line' id='line_1_26' title="bbox 254 2983 1478 3078; baseline 0.002 -26"><span class='ocrx_word' id='word_1_206' title='bbox 254 2996 321 3052; x_wconf 87' lang='lat' dir='ltr'><strong>tam</strong></span> <span class='ocrx_word' id='word_1_207' title='bbox 346 2996 527 3074; x_wconf 82' lang='lat' dir='ltr'><strong>tectamque</strong></span> <span class='ocrx_word' id='word_1_208' title='bbox 551 2984 636 3050; x_wconf 93' lang='lat' dir='ltr'><strong>omni</strong></span> <span class='ocrx_word' id='word_1_209' title='bbox 666 3001 755 3063; x_wconf 86' lang='lat' dir='ltr'><strong>cura,</strong></span> <span class='ocrx_word' id='word_1_210' title='bbox 779 2994 849 3050; x_wconf 92' lang='lat' dir='ltr'><strong>stu·</strong></span> <span class='ocrx_word' id='word_1_211' title='bbox 943 2983 1079 3050; x_wconf 88' lang='lat' dir='ltr'><strong>Homilia</strong></span> <span class='ocrx_word' id='word_1_212' title='bbox 1101 2985 1132 3051; x_wconf 89' lang='lat' dir='ltr'><strong>S.</strong></span> <span class='ocrx_word' id='word_1_213' title='bbox 1157 2985 1296 3054; x_wconf 80' lang='lat' dir='ltr'><strong>Therasii</strong></span> <span class='ocrx_word' id='word_1_214' title='bbox 1320 2987 1478 3078; x_wconf 81' lang='lat' dir='ltr'><strong>Episcopi.</strong></span> 
     </span>
     <span class='ocr_line' id='line_1_27' title="bbox 256 3077 1439 3170; baseline 0.001 -26"><span class='ocrx_word' id='word_1_215' title='bbox 256 3077 311 3145; x_wconf 93' lang='lat' dir='ltr'><strong>dio</strong></span> <span class='ocrx_word' id='word_1_216' title='bbox 335 3087 366 3145; x_wconf 90' lang='lat' dir='ltr'><strong>et</strong></span> <span class='ocrx_word' id='word_1_217' title='bbox 390 3079 591 3146; x_wconf 88' lang='lat' dir='ltr'><strong>contentione</strong></span> <span class='ocrx_word' id='word_1_218' title='bbox 615 3077 705 3143; x_wconf 88' lang='lat' dir='ltr'><strong>tueri.</strong></span> <span class='ocrx_word' id='word_1_219' title='bbox 725 3079 847 3143; x_wconf 86' lang='lat' dir='ltr'><strong>Etenim</strong></span> <span class='ocrx_word' id='word_1_220' title='bbox 981 3077 1027 3144; x_wconf 87' lang='lat' dir='ltr'><strong>De</strong></span> <span class='ocrx_word' id='word_1_221' title='bbox 1054 3080 1439 3170; x_wconf 16' lang='lat' dir='ltr'><strong>Praesentot.vDerporoe.</strong></span> 
     </span>
     <span class='ocr_line' id='line_1_28' title="bbox 256 3123 1491 3260; baseline 0 -21"><span class='ocrx_word' id='word_1_222' title='bbox 256 3192 323 3239; x_wconf 89' lang='lat' dir='ltr'><strong>non</strong></span> <span class='ocrx_word' id='word_1_223' title='bbox 347 3171 452 3238; x_wconf 91' lang='lat' dir='ltr'><strong>solum</strong></span> <span class='ocrx_word' id='word_1_224' title='bbox 469 3171 649 3257; x_wconf 78' lang='lat' dir='ltr'><strong>nullatenus</strong></span> <span class='ocrx_word' id='word_1_225' title='bbox 665 3173 848 3260; x_wconf 70' lang='lat' dir='ltr'><strong>missisunt,</strong></span> <span class='ocrx_word' id='word_1_226' title='bbox 899 3123 1053 3258; x_wconf 65' lang='lat' dir='ltr'><strong>Quibus</strong></span> <span class='ocrx_word' id='word_1_227' title='bbox 1077 3183 1108 3238; x_wconf 89' lang='lat' dir='ltr'><strong>te</strong></span> <span class='ocrx_word' id='word_1_228' title='bbox 1139 3172 1491 3242; x_wconf 67' lang='lat' dir='ltr'><strong>laudibus&#39;oumulabi-</strong></span> 
     </span>
     <span class='ocr_line' id='line_1_29' title="bbox 258 3262 1491 3355; baseline 0.002 -25"><span class='ocrx_word' id='word_1_229' title='bbox 258 3265 359 3355; x_wconf 86' lang='lat' dir='ltr'><strong>ipsam</strong></span> <span class='ocrx_word' id='word_1_230' title='bbox 394 3265 570 3331; x_wconf 83' lang='lat' dir='ltr'><strong>doctrinam</strong></span> <span class='ocrx_word' id='word_1_231' title='bbox 598 3265 713 3353; x_wconf 87' lang='lat' dir='ltr'><strong>quovis</strong></span> <span class='ocrx_word' id='word_1_232' title='bbox 750 3262 847 3330; x_wconf 90' lang='lat' dir='ltr'><strong>modo</strong></span> <span class='ocrx_word' id='word_1_233' title='bbox 895 3284 968 3330; x_wconf 91' lang='lat' dir='ltr'><strong>mus</strong></span> <span class='ocrx_word' id='word_1_234' title='bbox 981 3263 1136 3330; x_wconf 83' lang='lat' dir='ltr'><strong>llaria‘iO</strong></span> <span class='ocrx_word' id='word_1_235' title='bbox 1154 3267 1260 3355; x_wconf 86' lang='lat' dir='ltr'><strong>puella</strong></span> <span class='ocrx_word' id='word_1_236' title='bbox 1277 3268 1491 3348; x_wconf 67' lang='lat' dir='ltr'><strong>immaculata</strong></span> 
     </span>
     <span class='ocr_line' id='line_1_30' title="bbox 258 3354 1491 3449; baseline 0 -23"><span class='ocrx_word' id='word_1_237' title='bbox 258 3380 278 3426; x_wconf 88' lang='lat' dir='ltr'><strong>a</strong></span> <span class='ocrx_word' id='word_1_238' title='bbox 303 3360 453 3449; x_wconf 86' lang='lat' dir='ltr'><strong>quopiam</strong></span> <span class='ocrx_word' id='word_1_239' title='bbox 479 3358 578 3424; x_wconf 87' lang='lat' dir='ltr'><strong>notari</strong></span> <span class='ocrx_word' id='word_1_240' title='bbox 608 3367 705 3444; x_wconf 88' lang='lat' dir='ltr'><strong>atque</strong></span> <span class='ocrx_word' id='word_1_241' title='bbox 717 3354 850 3437; x_wconf 88' lang='lat' dir='ltr'><strong>traduci,</strong></span> <span class='ocrx_word' id='word_1_242' title='bbox 899 3357 1032 3445; x_wconf 86' lang='lat' dir='ltr'><strong>ovirgo</strong></span> <span class='ocrx_word' id='word_1_243' title='bbox 1074 3357 1291 3445; x_wconf 64' lang='lat' dir='ltr'><strong>impollutae</strong></span> <span class='ocrx_word' id='word_1_244' title='bbox 1322 3360 1491 3433; x_wconf 84' lang='lat' dir='ltr'><strong>mulierum</strong></span> 
     </span>
     <span class='ocr_line' id='line_1_31' title="bbox 259 3449 1493 3539; baseline 0.002 -21"><span class='ocrx_word' id='word_1_245' title='bbox 259 3473 372 3520; x_wconf 88' lang='lat' dir='ltr'><strong>verum</strong></span> <span class='ocrx_word' id='word_1_246' title='bbox 396 3455 491 3519; x_wconf 86' lang='lat' dir='ltr'><strong>etiem</strong></span> <span class='ocrx_word' id='word_1_247' title='bbox 515 3450 609 3538; x_wconf 89' lang='lat' dir='ltr'><strong>longe</strong></span> <span class='ocrx_word' id='word_1_248' title='bbox 626 3449 758 3516; x_wconf 87' lang='lat' dir='ltr'><strong>ulterius</strong></span> <span class='ocrx_word' id='word_1_249' title='bbox 776 3470 850 3539; x_wconf 91' lang='lat' dir='ltr'><strong>pro·</strong></span> <span class='ocrx_word' id='word_1_250' title='bbox 900 3461 1146 3531; x_wconf 88' lang='lat' dir='ltr'><strong>oruamentum,</strong></span> <span class='ocrx_word' id='word_1_251' title='bbox 1173 3449 1310 3521; x_wconf 85' lang='lat' dir='ltr'><strong>filiarum</strong></span> <span class='ocrx_word' id='word_1_252' title='bbox 1335 3453 1437 3520; x_wconf 87' lang='lat' dir='ltr'><strong>nitor!</strong></span> <span class='ocrx_word' id='word_1_253' title='bbox 1464 3454 1493 3520; x_wconf 93' lang='grc' dir='ltr'><strong>Ο</strong></span> 
     </span>
     <span class='ocr_line' id='line_1_32' title="bbox 260 3541 1494 3633; baseline 0.002 -24"><span class='ocrx_word' id='word_1_254' title='bbox 260 3546 374 3631; x_wconf 60' lang='lat' dir='ltr'><strong>gressi</strong></span> <span class='ocrx_word' id='word_1_255' title='bbox 394 3544 570 3633; x_wconf 90' lang='lat' dir='ltr'><strong>perspicuis</strong></span> <span class='ocrx_word' id='word_1_256' title='bbox 584 3541 851 3609; x_wconf 86' lang='lat' dir='ltr'><strong>declarationibus</strong></span> <span class='ocrx_word' id='word_1_257' title='bbox 900 3552 999 3609; x_wconf 88' lang='lat' dir='ltr'><strong>mater</strong></span> <span class='ocrx_word' id='word_1_258' title='bbox 1024 3545 1118 3632; x_wconf 89' lang='lat' dir='ltr'><strong>Virgo</strong></span> <span class='ocrx_word' id='word_1_259' title='bbox 1142 3545 1267 3628; x_wconf 87' lang='lat' dir='ltr'><strong>Sancta,</strong></span> <span class='ocrx_word' id='word_1_260' title='bbox 1291 3557 1327 3615; x_wconf 92' lang='lat' dir='ltr'><strong>tu</strong></span> <span class='ocrx_word' id='word_1_261' title='bbox 1362 3545 1494 3615; x_wconf 87' lang='lat' dir='ltr'><strong>benedi-</strong></span> 
     </span>
     <span class='ocr_line' id='line_1_33' title="bbox 205 3634 1493 3725; baseline 0.004 -24"><span class='ocrx_word' id='word_1_262' title='bbox 205 3720 209 3725; x_wconf 15' lang='lat'><em>*</em></span> <span class='ocrx_word' id='word_1_263' title='bbox 262 3637 445 3724; x_wconf 84' lang='lat' dir='ltr'><strong>iteratisque</strong></span> <span class='ocrx_word' id='word_1_264' title='bbox 463 3634 856 3702; x_wconf 76' lang='lat' dir='ltr'><strong>vicibusedixeruntzlio·</strong></span> <span class='ocrx_word' id='word_1_265' title='bbox 903 3645 953 3700; x_wconf 85' lang='lat' dir='ltr'><strong>cta</strong></span> <span class='ocrx_word' id='word_1_266' title='bbox 980 3635 1058 3705; x_wconf 91' lang='lat' dir='ltr'><strong>inter</strong></span> <span class='ocrx_word' id='word_1_267' title='bbox 1081 3639 1239 3720; x_wconf 84' lang='lat' dir='ltr'><strong>mulieres3</strong></span> <span class='ocrx_word' id='word_1_268' title='bbox 1264 3650 1298 3706; x_wconf 92' lang='lat' dir='ltr'><strong>tu</strong></span> <span class='ocrx_word' id='word_1_269' title='bbox 1335 3639 1493 3708; x_wconf 86' lang='lat' dir='ltr'><strong>celebrata</strong></span> 
     </span>
     <span class='ocr_line' id='line_1_34' title="bbox 262 3728 1492 3820; baseline 0.004 -27"><span class='ocrx_word' id='word_1_270' title='bbox 262 3728 395 3793; x_wconf 86' lang='lat' dir='ltr'><strong>ctrinam</strong></span> <span class='ocrx_word' id='word_1_271' title='bbox 420 3751 484 3817; x_wconf 88' lang='lat' dir='ltr'><strong>qua</strong></span> <span class='ocrx_word' id='word_1_272' title='bbox 510 3728 746 3794; x_wconf 79' lang='lat' dir='ltr'><strong>immaculatam</strong></span> <span class='ocrx_word' id='word_1_273' title='bbox 786 3728 855 3794; x_wconf 91' lang='lat' dir='ltr'><strong>Vir·</strong></span> <span class='ocrx_word' id='word_1_274' title='bbox 903 3739 1033 3819; x_wconf 91' lang='lat' dir='ltr'><strong>propter</strong></span> <span class='ocrx_word' id='word_1_275' title='bbox 1058 3729 1277 3812; x_wconf 83' lang='lat' dir='ltr'><strong>innocentiam3</strong></span> <span class='ocrx_word' id='word_1_276' title='bbox 1295 3744 1329 3798; x_wconf 92' lang='lat' dir='ltr'><strong>tu</strong></span> <span class='ocrx_word' id='word_1_277' title='bbox 1345 3731 1492 3820; x_wconf 86' lang='lat' dir='ltr'><strong>obsigna·</strong></span> 
     </span>
     <span class='ocr_line' id='line_1_35' title="bbox 263 3819 1494 3912; baseline 0.005 -28"><span class='ocrx_word' id='word_1_278' title='bbox 263 3823 347 3908; x_wconf 90' lang='lat' dir='ltr'><strong>ginis</strong></span> <span class='ocrx_word' id='word_1_279' title='bbox 371 3820 616 3912; x_wconf 87' lang='lat' dir='ltr'><strong>Conceptionem</strong></span> <span class='ocrx_word' id='word_1_280' title='bbox 657 3819 854 3910; x_wconf 86' lang='lat' dir='ltr'><strong>profitemur,</strong></span> <span class='ocrx_word' id='word_1_281' title='bbox 904 3833 935 3886; x_wconf 86' lang='lat' dir='ltr'><strong>ta</strong></span> <span class='ocrx_word' id='word_1_282' title='bbox 960 3823 1143 3910; x_wconf 86' lang='lat' dir='ltr'><strong>virginitate.</strong></span> <span class='ocrx_word' id='word_1_283' title='bbox 1168 3827 1215 3891; x_wconf 88' lang='lat' dir='ltr'><strong>Tu</strong></span> <span class='ocrx_word' id='word_1_284' title='bbox 1242 3824 1355 3891; x_wconf 82' lang='lat' dir='ltr'><strong>Adami</strong></span> <span class='ocrx_word' id='word_1_285' title='bbox 1395 3824 1494 3891; x_wconf 84' lang='lat' dir='ltr'><strong>malo-</strong></span> 
     </span>
     <span class='ocr_line' id='line_1_36' title="bbox 263 3912 1492 4004; baseline -0.002 -18"><span class='ocrx_word' id='word_1_286' title='bbox 263 3935 345 3991; x_wconf 80' lang='lat' dir='ltr'><strong>essc,</strong></span> <span class='ocrx_word' id='word_1_287' title='bbox 369 3935 496 4003; x_wconf 91' lang='lat' dir='ltr'><strong>suoque</strong></span> <span class='ocrx_word' id='word_1_288' title='bbox 520 3915 631 3982; x_wconf 88' lang='lat' dir='ltr'><strong>merito</strong></span> <span class='ocrx_word' id='word_1_289' title='bbox 648 3913 755 3980; x_wconf 85' lang='lat' dir='ltr'><strong>baberi</strong></span> <span class='ocrx_word' id='word_1_290' title='bbox 780 3934 857 3980; x_wconf 91' lang='lat' dir='ltr'><strong>cum</strong></span> <span class='ocrx_word' id='word_1_291' title='bbox 904 3912 980 3980; x_wconf 89' lang='lat' dir='ltr'><strong>dicti</strong></span> <span class='ocrx_word' id='word_1_292' title='bbox 1002 3917 1149 4004; x_wconf 78' lang='lat' dir='ltr'><strong>expiati03</strong></span> <span class='ocrx_word' id='word_1_293' title='bbox 1173 3928 1208 3984; x_wconf 89' lang='lat' dir='ltr'><strong>tu</strong></span> <span class='ocrx_word' id='word_1_294' title='bbox 1225 3917 1320 3985; x_wconf 91' lang='lat' dir='ltr'><strong>debiti</strong></span> <span class='ocrx_word' id='word_1_295' title='bbox 1340 3919 1425 3984; x_wconf 86' lang='lat' dir='ltr'><strong>Evae</strong></span> <span class='ocrx_word' id='word_1_296' title='bbox 1440 3937 1492 3984; x_wconf 90' lang='lat' dir='ltr'><strong>so-</strong></span> 
     </span>
     <span class='ocr_line' id='line_1_37' title="bbox 264 4005 1491 4102; baseline 0.001 -27"><span class='ocrx_word' id='word_1_297' title='bbox 264 4005 480 4075; x_wconf 85' lang='lat' dir='ltr'><strong>ecclesiastico</strong></span> <span class='ocrx_word' id='word_1_298' title='bbox 504 4007 594 4076; x_wconf 90' lang='lat' dir='ltr'><strong>cultu</strong></span> <span class='ocrx_word' id='word_1_299' title='bbox 616 4006 711 4097; x_wconf 88' lang='lat' dir='ltr'><strong>plane</strong></span> <span class='ocrx_word' id='word_1_300' title='bbox 741 4025 856 4073; x_wconf 90' lang='lat' dir='ltr'><strong>conso·</strong></span> <span class='ocrx_word' id='word_1_301' title='bbox 905 4006 992 4074; x_wconf 89' lang='lat' dir='ltr'><strong>lutio.</strong></span> <span class='ocrx_word' id='word_1_302' title='bbox 1018 4008 1067 4073; x_wconf 87' lang='lat' dir='ltr'><strong>Tu</strong></span> <span class='ocrx_word' id='word_1_303' title='bbox 1077 4008 1187 4076; x_wconf 81' lang='lat' dir='ltr'><strong>Abelis</strong></span> <span class='ocrx_word' id='word_1_304' title='bbox 1210 4012 1379 4102; x_wconf 84' lang='lat' dir='ltr'><strong>purissima</strong></span> <span class='ocrx_word' id='word_1_305' title='bbox 1402 4008 1491 4078; x_wconf 87' lang='lat' dir='ltr'><strong>obla-</strong></span> 
     </span>
     <span class='ocr_line' id='line_1_38' title="bbox 267 4099 1492 4190; baseline 0.003 -24"><span class='ocrx_word' id='word_1_306' title='bbox 267 4122 352 4182; x_wconf 85' lang='lat' dir='ltr'><strong>nam‚</strong></span> <span class='ocrx_word' id='word_1_307' title='bbox 378 4122 514 4190; x_wconf 88' lang='lat' dir='ltr'><strong>eamque</strong></span> <span class='ocrx_word' id='word_1_308' title='bbox 539 4112 686 4180; x_wconf 87' lang='lat' dir='ltr'><strong>veterem,</strong></span> <span class='ocrx_word' id='word_1_309' title='bbox 703 4119 741 4165; x_wconf 86' lang='lat' dir='ltr'><strong>ac</strong></span> <span class='ocrx_word' id='word_1_310' title='bbox 757 4120 857 4189; x_wconf 84' lang='lat' dir='ltr'><strong>prope</strong></span> <span class='ocrx_word' id='word_1_311' title='bbox 904 4099 959 4180; x_wconf 87' lang='lat' dir='ltr'><strong>tio;</strong></span> <span class='ocrx_word' id='word_1_312' title='bbox 973 4102 1254 4190; x_wconf 87' lang='lat' dir='ltr'><strong>primogenitorum</strong></span> <span class='ocrx_word' id='word_1_313' title='bbox 1266 4104 1421 4183; x_wconf 86' lang='lat' dir='ltr'><strong>delectus;</strong></span> <span class='ocrx_word' id='word_1_314' title='bbox 1435 4103 1492 4170; x_wconf 92' lang='lat' dir='ltr'><strong>irn-</strong></span> 
     </span>
     <span class='ocr_line' id='line_1_39' title="bbox 267 4191 1492 4284; baseline 0.003 -26"><span class='ocrx_word' id='word_1_315' title='bbox 267 4195 476 4263; x_wconf 85' lang='lat' dir='ltr'><strong>uuiuersalem</strong></span> <span class='ocrx_word' id='word_1_316' title='bbox 501 4204 533 4260; x_wconf 86' lang='lat' dir='ltr'><strong>et</strong></span> <span class='ocrx_word' id='word_1_317' title='bbox 555 4191 721 4282; x_wconf 72' lang='lat' dir='ltr'><strong>ejusmodi,</strong></span> <span class='ocrx_word' id='word_1_318' title='bbox 754 4214 851 4284; x_wconf 89' lang='lat' dir='ltr'><strong>quam</strong></span> <span class='ocrx_word' id='word_1_319' title='bbox 900 4194 1093 4262; x_wconf 85' lang='lat' dir='ltr'><strong>maculatum</strong></span> <span class='ocrx_word' id='word_1_320' title='bbox 1117 4196 1322 4265; x_wconf 76' lang='lat' dir='ltr'><strong>sacrificium..</strong></span> <span class='ocrx_word' id='word_1_321' title='bbox 1341 4198 1389 4264; x_wconf 83' lang='lat' dir='ltr'><strong>Tu</strong></span> <span class='ocrx_word' id='word_1_322' title='bbox 1406 4197 1492 4265; x_wconf 93' lang='lat' dir='ltr'><strong>Enos</strong></span> 
     </span>
     <span class='ocr_line' id='line_1_40' title="bbox 263 4284 1493 4385; baseline 0.002 -31"><span class='ocrx_word' id='word_1_323' title='bbox 263 4285 408 4356; x_wconf 69' lang='lat' dir='ltr'><strong>‚somma</strong></span> <span class='ocrx_word' id='word_1_324' title='bbox 431 4287 572 4358; x_wconf 84' lang='lat' dir='ltr'><strong>Ecclesia</strong></span> <span class='ocrx_word' id='word_1_325' title='bbox 595 4285 654 4355; x_wconf 91' lang='lat' dir='ltr'><strong>sibi</strong></span> <span class='ocrx_word' id='word_1_326' title='bbox 685 4286 863 4358; x_wconf 27' lang='lat' dir='ltr'><strong>fovendam!</strong></span> <span class='ocrx_word' id='word_1_327' title='bbox 902 4284 933 4354; x_wconf 89' lang='lat' dir='ltr'><strong>in</strong></span> <span class='ocrx_word' id='word_1_328' title='bbox 958 4288 1059 4357; x_wconf 89' lang='lat' dir='ltr'><strong>Deum</strong></span> <span class='ocrx_word' id='word_1_329' title='bbox 1083 4311 1156 4383; x_wconf 86' lang='lat' dir='ltr'><strong>spes</strong></span> <span class='ocrx_word' id='word_1_330' title='bbox 1182 4311 1261 4362; x_wconf 89' lang='lat' dir='ltr'><strong>non·</strong></span> <span class='ocrx_word' id='word_1_331' title='bbox 1278 4291 1402 4385; x_wconf 83' lang='lat' dir='ltr'><strong>pudore</strong></span> <span class='ocrx_word' id='word_1_332' title='bbox 1426 4290 1493 4360; x_wconf 89' lang='lat' dir='ltr'><strong>sul-</strong></span> 
     </span>
    </p>
   </div>
   <div class='ocr_carea' id='block_1_4' title="bbox 0 0 1818 5034">
    <p class='ocr_par' dir='ltr' id='par_1_4' title="bbox 0 0 1818 5034">
     <span class='ocr_line' id='line_1_41' title="bbox 0 0 1818 5034; baseline 0 0"><span class='ocrx_word' id='word_1_333' title='bbox 0 0 1818 5034; x_wconf 95' lang='lat' dir='ltr'><strong> </strong></span> 
     </span>
    </p>
   </div>
  </div>
 </body>
</html>
