3584 5034
686 610 812 690 FESl'h
836 615 1054 693 euehuntur
1434 623 1479 694 33

304 730 428 821 Antr'pb.
459 735 521 800 Pro
557 735 716 820 trumento
755 744 845 803 ortus
891 733 1144 828 aspernebantur
1169 744 1204 803 ut
1226 734 1331 818 vilem,
1354 743 1387 805 et
1402 753 1481 806 con·

258 832 305 892 est
327 825 402 892 mihi
427 826 624 911 tribuluset
639 849 697 919 pro
721 827 843 897 hordeo
891 829 1109 921 tempthile'm,
1143 853 1218 899 eum
1247 826 1482 900 confitebantur

258 917 357 1008 spina.
897 924 1025 1012 ilege'm;
1049 924 1101 991 cui
1126 925 1276 1003 tunicam,
1300 933 1332 990 et
1359 933 1480 991 vestem

304 1012 485 1082 Psalmi.
528 1016 607 1083 Cum
654 1015 847 1099 invocarem,
899 1015 1110 1097 detraxerant,
1133 1040 1208 1085 eum
1237 1035 1382 1109 purpura
1420 1016 1482 1083 cir-

257 1104 418 1173 exautlivit
441 1128 493 1175 me
516 1110 613 1176 Deus.
746 1149 749 1156 ·
894 1108 1139 1209 cumdederunt;
1181 1121 1213 1179 et
1253 1130 1350 1200 quem
1392 1107 1483 1198 iguo·

301 1196 426 1287 Antr‘plr.
443 1204 607 1270 Aouerunt
628 1201 752 1290 linguas
766 1223 842 1269 suas
890 1212 996 1271 rantes
1041 1203 1240 1271 contumeliis
1284 1199 1474 1284 afficiebant,

254 1289 337 1357 sicut
366 1297 531 1383 serpentis
571 1316 730 1363 venenum
763 1295 846 1385 espi·
891 1317 966 1363 eum
1005 1295 1194 1386 Prophetam
1220 1297 1313 1364 etiarn
1337 1293 1481 1362 uolentes

255 1382 331 1451 dum
357 1383 419 1450 sub
443 1386 535 1453 labiis
559 1409 682 1455 eorum.
892 1389 1144 1480 appellaveruut;
1168 1400 1200 1458 et
1224 1411 1322 1479 quern
1344 1409 1402 1478 per
1430 1387 1482 1455 lu·

302 1478 422 1545 Psalm.
445 1481 474 1544 5.
500 1479 603 1556 Verba
619 1500 690 1548 mea
713 1479 844 1548 autibus
892 1478 1482 1571 dibrium,subsannationemquepul·

254 1570 383 1661 percipe
408 1572 551 1640 Domine.
892 1574 1014 1658 eabant,
1029 1587 1062 1644 et
1078 1575 1277 1667 triumphalia
1291 1571 1485 1642 addiderunt

302 1663 425 1754 Antrplt.
447 1666 514 1746 Qui
534 1667 648 1734 timetis
664 1666 846 1746 Dominum,
894 1679 1088 1749 ornamenta,
1100 1672 1281 1738 coccineam
1302 1665 1483 1759 clamydem

255 1752 382 1824 laudate
404 1765 490 1839 eum,
515 1762 702 1828 universum
736 1776 846 1828 semen
894 1770 1091 1829 eteoronem
1131 1765 1284 1854 spineam,
1325 1771 1358 1829 et
1396 1760 1482 1827 cala·

255 1848 354 1918 Jacob
379 1851 578 1943 magnificate
599 1875 684 1921 eum.
894 1874 996 1920 mum.
1032 1855 1112 1921 Nam
1152 1856 1273 1924 tametsi
1312 1874 1350 1922 ee
1389 1853 1506 1944 quasi.

300 1945 425 2021 Psalm,
453 1947 483 2012 8.
515 1947 648 2014 Domine
689 1945 845 2014 Dominus
893 1968 952 2036 per
986 1947 1210 2017 contumeliam
1251 1945 1396 2036 agebant
1435 1944 1483 2014 el·

253 2047 371 2118 noster,
399 2050 497 2127 quam
522 2037 716 2106 admirabile.
895 2037 1064 2109 ficiebatur
1088 2052 1191 2109 tameo
1217 2041 1300 2123 inde,
1325 2051 1362 2108 ut
1377 2036 1419 2106 ab
1442 2059 1482 2108 eo

300 2126 329 2193 rl.
354 2130 471 2213 Gloria,
488 2141 523 2200 et
541 2132 663 2202 honore
686 2131 844 2202 coronasti
890 2131 1023 2202 latenter
1046 2135 1245 2226 spoliaretur.
1329 2215 1332 2221 ¹

254 2223 497 2307 eumnDomine.
553 2300 555 2308 ,
937 2229 969 2304 b.
993 2227 1118 2294 Corona
1141 2249 1239 2296 aurea
1262 2247 1360 2318 super
1382 2235 1480 2315 caput

301 2317 332 2390 b.
359 2315 398 2382 Et
426 2317 613 2387 constituisti
637 2321 712 2386 e'urn
746 2339 845 2410 super
890 2320 969 2408 ejus.
993 2319 1015 2362 *
1038 2343 1189 2413 expressa
1212 2322 1303 2412 signo
1331 2321 1480 2392 sanctita·

254 2422 353 2499 opere
377 2430 532 2492 manuum
556 2422 692 2480 tuarum.
895 2413 944 2494 tis,
983 2413 1084 2502 gloria
1122 2411 1261 2498 honoris,
1311 2423 1344 2481 et
1397 2432 1482 2505 opus

168 2584 170 2592 Ι
303 2501 349 2570 Ex
366 2503 512 2576 Tractatu
536 2507 567 2574 S.
584 2505 747 2574 Athanasii
772 2505 847 2598 ltpi-
893 2504 1095 2575 tortitudinis.

256 2597 357 2688 scopi.
551 2647 553 2652 ,
639 2633 641 2638 .
706 2677 708 2684 y
939 2607 969 2674 tl·
993 2600 1151 2678 Quoniam
1175 2599 1364 2689 praevenisti
1405 2618 1481 2664 eum

346 2692 385 2758 ln
410 2691 597 2762 Passionem
612 2691 753 2762 Domini.
895 2691 928 2758 in
966 2689 1242 2759 benedictionibus
1292 2686 1481 2769 dulcedinis,

494 2787 577 2854 Lect.
602 2806 643 2852 rv.
890 2784 1024 2875 posuisti
1050 2784 1207 2875 incapite
1230 2783 1300 2873 ejus
1320 2783 1480 2852 Coronam

253 2825 364 2944 Cum
393 2889 564 2944 exueretur
598 2877 765 2958 Dominus,
804 2894 844 2944 eo
892 2874 934 2945 de
958 2876 1063 2968 lapide
1086 2878 1235 2970 pretioso.
1261 2879 1419 2971 Expressa
1439 2876 1483 2944 si-

252 2967 324 3058 ipso
355 2968 550 3038 invisibiliter
584 2968 765 3059 erigebatur
803 2967 845 3038 de
892 2989 964 3059 gno.
1028 3028 1031 3037 .

252 3055 390 3128 diabulo
404 3062 602 3154 trophaeum,
629 3073 660 3131 et
683 3083 750 3152 quo
766 3062 845 3131 illud
939 3063 1051 3132 Sermo
1074 3065 1106 3132 S.
1123 3063 1290 3147 Ambrosii
1322 3064 1481 3154 Episcopi.

250 3156 454 3223 manifestum
498 3155 598 3238 fieret,
639 3166 786 3224 narratur
822 3177 842 3224 a
907 3159 1040 3225 'Serm
1066 3160 1185 3226 LXIX.
1210 3159 1264 3248 qui
1293 3170 1339 3226 est
1361 3158 1418 3225 IV.
1442 3158 1480 3224 de

253 3245 385 3330 loanne,
410 3250 542 3330 indutus
567 3251 664 3318 luisse
687 3271 856 3341 purpuras
894 3251 929 3318 S.
957 3249 1128 3340 Cypriane,
1152 3248 1345 3342 adscriptos,
1383 3261 1412 3319 et
1447 3251 1482 3318 S.

253 3361 274 3406 a
297 3343 453 3412 Matthaeo
471 3365 559 3425 vero,
575 3342 743 3438 chlamyde
772 3363 845 3412 soo-
893 3345 1049 3412 Mocr'mo.

251 3435 352 3517 cinea;
378 3459 596 3528 coronamque
616 3437 667 3503 'illi
683 3458 722 3503 ex
748 3437 845 3528 spinis
1141 3437 1224 3506 Leet.
1246 3457 1276 3504 v.

252 3549 351 3618 super
377 3540 481 3623 'caput
520 3553 591 3600 esse
629 3531 776 3622 positam,
817 3539 849 3597 et
895 3481 1100 3597 Videamus
1139 3529 1314 3622 diligentem
1356 3554 1397 3625 ue
1441 3551 1483 3597 ex

253 3620 414 3689 calamum
443 3626 475 3690 in
499 3646 613 3706 manus
653 3624 774 3704 datum3
814 3633 846 3689 et
894 3622 1023 3712 palmite
1045 3625 1151 3714 operis
1174 3629 1272 3694 nostri
1291 3647 1355 3693 non
1371 3641 1482 3689 nasca-

252 3707 308 3792 ita,
326 3733 401 3780 curn
417 3738 490 3783 eum
514 3717 741 3808 produxissent
756 3716 843 3804 geni·
892 3727 944 3781 tur
968 3715 1146 3786 dulcedinis
1168 3741 1244 3801 uva;
1261 3717 1318 3786 sed
1334 3714 1425 3783 fellis:
1441 3734 1483 3780 ne

251 3803 318 3872 bus
342 3805 431 3876 flexis
456 3809 619 3884 adorasse.
659 3808 871 3880 hliraculumt
895 3808 1019 3877 dicatur
1044 3810 1145 3891 nobis,
1166 3812 1253 3902 qood
1271 3807 1402 3878 ludaeis
1433 3805 1483 3871 di-

253 3921 389 3981 novum‚
406 3911 440 3968 et
454 3903 649 3982 incredibile,
666 3911 697 3970 et
713 3923 845 3990 magnae
892 3913 979 3968 ctum
996 3914 1044 3970 est
1056 3927 1113 3994 per
1126 3898 1478 3996 Prophetam:sustinui,

256 3994 326 4061 sine
365 3993 466 4062 dubio
491 3989 661 4064 'victoriae
714 3995 845 4082 insigne:
894 4005 932 4061 ut
960 3997 1078 4065 laceret
1115 4020 1223 4080 uvam,
1263 3996 1337 4063 lecit
1372 4003 1482 4061 autem

256 4107 354 4176 quem
371 4089 456 4156 enim
472 4099 509 4156 ut
525 4087 847 4156 hominemcondem-
893 4089 1011 4178 spinas,
1054 4101 1086 4158 et
1124 4110 1188 4156 non
1220 4089 1385 4180 justitiam
1422 4084 1482 4154 sed

252 4193 416 4264 neverant,
441 4205 516 4252 eum
540 4189 703 4252 mortuum
719 4180 842 4250 'deinde
890 4181 1072 4250 clamorem.
1096 4183 1202 4263 Quam
1225 4183 1307 4252 dora
1329 4178 1480 4254 conditio,

255 4283 293 4340 ut
316 4274 418 4344 Deum
442 4275 668 4360 adoraverunt
691 4285 724 4346 st
747 4296 844 4366 quern
894 4283 938 4363 ut
953 4275 1124 4365 possessio,
1149 4296 1234 4365 quae
1256 4276 1392 4344 Domino
1420 4291 1480 4338 suo

1298 4391 1318 4454 3
