<?xml version="1.0" encoding="UTF-8"?>
<!DOCTYPE html PUBLIC "-//W3C//DTD XHTML 1.0 Transitional//EN"
    "http://www.w3.org/TR/xhtml1/DTD/xhtml1-transitional.dtd">
<html xmlns="http://www.w3.org/1999/xhtml" xml:lang="en" lang="en">
 <head>
  <title>
</title>
<meta http-equiv="Content-Type" content="text/html;charset=utf-8" />
  <meta name='ocr-system' content='tesseract 3.04.00' />
  <meta name='ocr-capabilities' content='ocr_page ocr_carea ocr_par ocr_line ocrx_word'/>
</head>
<body>
  <div class='ocr_page' id='page_1' title='image "./officiasanctoru00churgoog/officiasanctoru00churgoog_0201.png"; bbox 0 0 3584 5034; ppageno 0'>
   <div class='ocr_carea' id='block_1_1' title="bbox 267 614 1495 822">
    <p class='ocr_par' dir='ltr' id='par_1_1' title="bbox 267 614 1495 822">
     <span class='ocr_line' id='line_1_1' title="bbox 690 614 1490 726; baseline 0.006 -42"><span class='ocrx_word' id='word_1_1' title='bbox 690 614 817 684; x_wconf 70' lang='lat' dir='ltr'><strong>ritem</strong></span> <span class='ocrx_word' id='word_1_2' title='bbox 841 615 1068 726; x_wconf 72' lang='lat' dir='ltr'><strong>lilisslibllilllss</strong></span> <span class='ocrx_word' id='word_1_3' title='bbox 1428 618 1490 694; x_wconf 70' lang='lat' dir='ltr'><strong>lbi</strong></span> 
     </span>
     <span class='ocr_line' id='line_1_2' title="bbox 267 726 1495 822; baseline 0.005 -24"><span class='ocrx_word' id='word_1_4' title='bbox 267 728 477 798; x_wconf 76' lang='lat' dir='ltr'><strong>beatissimam</strong></span> <span class='ocrx_word' id='word_1_5' title='bbox 500 727 659 817; x_wconf 77' lang='lat' dir='ltr'><strong>Virginem</strong></span> <span class='ocrx_word' id='word_1_6' title='bbox 682 726 856 799; x_wconf 73' lang='lat' dir='ltr'><strong>Mariamin</strong></span> <span class='ocrx_word' id='word_1_7' title='bbox 903 727 1051 812; x_wconf 55' lang='lat' dir='ltr'><strong>retb,*ed</strong></span> <span class='ocrx_word' id='word_1_8' title='bbox 1081 729 1240 820; x_wconf 75' lang='lat' dir='ltr'><strong>Virginem</strong></span> <span class='ocrx_word' id='word_1_9' title='bbox 1269 731 1495 822; x_wconf 77' lang='lat' dir='ltr'><strong>desponsatam</strong></span> 
     </span>
    </p>
   </div>
   <div class='ocr_carea' id='block_1_2' title="bbox 173 821 1494 1925">
    <p class='ocr_par' dir='ltr' id='par_1_2' title="bbox 173 821 1494 1470">
     <span class='ocr_line' id='line_1_3' title="bbox 264 821 1494 914; baseline 0.002 -24"><span class='ocrx_word' id='word_1_10' title='bbox 264 823 369 912; x_wconf 88' lang='lat' dir='ltr'><strong>primo</strong></span> <span class='ocrx_word' id='word_1_11' title='bbox 393 821 523 888; x_wconf 87' lang='lat' dir='ltr'><strong>instanti</strong></span> <span class='ocrx_word' id='word_1_12' title='bbox 536 843 617 888; x_wconf 84' lang='lat' dir='ltr'><strong>suae</strong></span> <span class='ocrx_word' id='word_1_13' title='bbox 632 821 856 912; x_wconf 80' lang='lat' dir='ltr'><strong>Gonoeptionis</strong></span> <span class='ocrx_word' id='word_1_14' title='bbox 901 823 986 905; x_wconf 77' lang='lat' dir='ltr'><strong>Viro,</strong></span> <span class='ocrx_word' id='word_1_15' title='bbox 1012 823 1064 889; x_wconf 87' lang='lat' dir='ltr'><strong>cui</strong></span> <span class='ocrx_word' id='word_1_16' title='bbox 1089 843 1205 893; x_wconf 90' lang='lat' dir='ltr'><strong>nomen</strong></span> <span class='ocrx_word' id='word_1_17' title='bbox 1223 831 1289 892; x_wconf 87' lang='lat' dir='ltr'><strong>erat</strong></span> <span class='ocrx_word' id='word_1_18' title='bbox 1303 821 1434 914; x_wconf 78' lang='lat' dir='ltr'><strong>loseph,</strong></span> <span class='ocrx_word' id='word_1_19' title='bbox 1452 823 1494 892; x_wconf 91' lang='lat' dir='ltr'><strong>de</strong></span> 
     </span>
     <span class='ocr_line' id='line_1_4' title="bbox 173 914 1493 1008; baseline 0.002 -25"><span class='ocrx_word' id='word_1_20' title='bbox 173 914 175 919; x_wconf 79' lang='grc'><strong>’</strong></span> <span class='ocrx_word' id='word_1_21' title='bbox 265 915 374 996; x_wconf 84' lang='lat' dir='ltr'><strong>fuisse,</strong></span> <span class='ocrx_word' id='word_1_22' title='bbox 399 915 550 1002; x_wconf 74' lang='lat' dir='ltr'><strong>singulari</strong></span> <span class='ocrx_word' id='word_1_23' title='bbox 582 915 640 981; x_wconf 82' lang='lat' dir='ltr'><strong>liei</strong></span> <span class='ocrx_word' id='word_1_24' title='bbox 679 914 854 1005; x_wconf 78' lang='lat' dir='ltr'><strong>privilegio,</strong></span> <span class='ocrx_word' id='word_1_25' title='bbox 904 915 1001 1004; x_wconf 88' lang='lat' dir='ltr'><strong>domo</strong></span> <span class='ocrx_word' id='word_1_26' title='bbox 1025 915 1137 992; x_wconf 85' lang='lat' dir='ltr'><strong>David,</strong></span> <span class='ocrx_word' id='word_1_27' title='bbox 1162 928 1194 985; x_wconf 89' lang='lat' dir='ltr'><strong>et</strong></span> <span class='ocrx_word' id='word_1_28' title='bbox 1215 937 1333 986; x_wconf 82' lang='lat' dir='ltr'><strong>nemen</strong></span> <span class='ocrx_word' id='word_1_29' title='bbox 1358 917 1493 1008; x_wconf 76' lang='lat' dir='ltr'><strong>Virginis</strong></span> 
     </span>
     <span class='ocr_line' id='line_1_5' title="bbox 264 1007 1475 1102; baseline 0.003 -28"><span class='ocrx_word' id='word_1_30' title='bbox 264 1008 306 1074; x_wconf 89' lang='lat' dir='ltr'><strong>ab</strong></span> <span class='ocrx_word' id='word_1_31' title='bbox 332 1009 417 1076; x_wconf 92' lang='lat' dir='ltr'><strong>omni</strong></span> <span class='ocrx_word' id='word_1_32' title='bbox 442 1007 602 1097; x_wconf 84' lang='lat' dir='ltr'><strong>originalis</strong></span> <span class='ocrx_word' id='word_1_33' title='bbox 641 1009 755 1098; x_wconf 88' lang='lat' dir='ltr'><strong>culpae</strong></span> <span class='ocrx_word' id='word_1_34' title='bbox 785 1007 857 1076; x_wconf 89' lang='lat' dir='ltr'><strong>labe</strong></span> <span class='ocrx_word' id='word_1_35' title='bbox 905 1009 1009 1076; x_wconf 82' lang='lat' dir='ltr'><strong>Maria.</strong></span> <span class='ocrx_word' id='word_1_36' title='bbox 1034 1009 1249 1102; x_wconf 69' lang='lat' dir='ltr'><strong>Frtieliqua.¹</strong></span> <span class='ocrx_word' id='word_1_37' title='bbox 1385 1021 1387 1026; x_wconf 87' lang='grc'><strong>’</strong></span> <span class='ocrx_word' id='word_1_38' title='bbox 1471 1025 1475 1078; x_wconf 81' lang='lat' dir='ltr'>J</span> 
     </span>
     <span class='ocr_line' id='line_1_6' title="bbox 229 1103 1491 1191; baseline 0.002 -24"><span class='ocrx_word' id='word_1_39' title='bbox 229 1153 235 1167; x_wconf 79' lang='grc'><strong>.</strong></span> <span class='ocrx_word' id='word_1_40' title='bbox 264 1110 499 1191; x_wconf 85' lang='lat' dir='ltr'><strong>praeservatam</strong></span> <span class='ocrx_word' id='word_1_41' title='bbox 522 1103 706 1181; x_wconf 89' lang='lat' dir='ltr'><strong>immunem,</strong></span> <span class='ocrx_word' id='word_1_42' title='bbox 742 1123 855 1169; x_wconf 88' lang='lat' dir='ltr'><strong>essea</strong></span> <span class='ocrx_word' id='word_1_43' title='bbox 971 1103 1107 1170; x_wconf 85' lang='lat' dir='ltr'><strong>Humilia</strong></span> <span class='ocrx_word' id='word_1_44' title='bbox 1136 1105 1235 1172; x_wconf 80' lang='lat' dir='ltr'><strong>sancti</strong></span> <span class='ocrx_word' id='word_1_45' title='bbox 1272 1104 1445 1173; x_wconf 84' lang='lat' dir='ltr'><strong>Germani·</strong></span> <span class='ocrx_word' id='word_1_46' title='bbox 1489 1148 1491 1158; x_wconf 84' lang='lat'>·</span> 
     </span>
     <span class='ocr_line' id='line_1_7' title="bbox 266 1192 1273 1288; baseline 0.003 -29"><span class='ocrx_word' id='word_1_47' title='bbox 266 1196 333 1262; x_wconf 87' lang='lat' dir='ltr'><strong>Deo</strong></span> <span class='ocrx_word' id='word_1_48' title='bbox 372 1195 563 1275; x_wconf 86' lang='lat' dir='ltr'><strong>revelatam,</strong></span> <span class='ocrx_word' id='word_1_49' title='bbox 589 1216 628 1264; x_wconf 86' lang='lat' dir='ltr'><strong>ac</strong></span> <span class='ocrx_word' id='word_1_50' title='bbox 653 1194 790 1284; x_wconf 75' lang='lat' dir='ltr'>proinde</span> <span class='ocrx_word' id='word_1_51' title='bbox 814 1192 855 1261; x_wconf 80' lang='lat' dir='ltr'><strong>ab</strong></span> <span class='ocrx_word' id='word_1_52' title='bbox 1125 1197 1273 1288; x_wconf 83' lang='lat' dir='ltr'><strong>Episcopi</strong></span> 
     </span>
     <span class='ocr_line' id='line_1_8' title="bbox 265 1283 1490 1380; baseline 0.001 -25"><span class='ocrx_word' id='word_1_53' title='bbox 265 1287 414 1355; x_wconf 89' lang='lat' dir='ltr'><strong>omnibus</strong></span> <span class='ocrx_word' id='word_1_54' title='bbox 438 1283 586 1354; x_wconf 79' lang='lat' dir='ltr'><strong>fidelibus</strong></span> <span class='ocrx_word' id='word_1_55' title='bbox 610 1286 741 1358; x_wconf 88' lang='lat' dir='ltr'><strong>firmiter</strong></span> <span class='ocrx_word' id='word_1_56' title='bbox 779 1305 856 1356; x_wconf 64' lang='lat' dir='ltr'><strong>con⁴</strong></span> <span class='ocrx_word' id='word_1_57' title='bbox 989 1288 1027 1356; x_wconf 85' lang='lat' dir='ltr'><strong>Irt</strong></span> <span class='ocrx_word' id='word_1_58' title='bbox 1050 1291 1210 1360; x_wconf 77' lang='lat' dir='ltr'><strong>Praestat.</strong></span> <span class='ocrx_word' id='word_1_59' title='bbox 1241 1287 1409 1380; x_wconf 79' lang='lat' dir='ltr'><strong>Derparoe.</strong></span> <span class='ocrx_word' id='word_1_60' title='bbox 1489 1337 1490 1342; x_wconf 18' lang='grc' dir='ltr'>η</span> 
     </span>
     <span class='ocr_line' id='line_1_9' title="bbox 264 1379 1405 1470; baseline 0 -23"><span class='ocrx_word' id='word_1_61' title='bbox 264 1389 447 1470; x_wconf 74' lang='lat' dir='ltr'><strong>stantesque</strong></span> <span class='ocrx_word' id='word_1_62' title='bbox 470 1379 671 1448; x_wconf 84' lang='lat' dir='ltr'><strong>credendam.</strong></span> <span class='ocrx_word' id='word_1_63' title='bbox 1404 1435 1405 1440; x_wconf 27' lang='lat'>1</span> 
     </span>
    </p>

    <p class='ocr_par' dir='ltr' id='par_1_3' title="bbox 262 1419 1493 1925">
     <span class='ocr_line' id='line_1_10' title="bbox 310 1419 1492 1568; baseline -0.003 -23"><span class='ocrx_word' id='word_1_64' title='bbox 310 1476 342 1545; x_wconf 82' lang='lat' dir='ltr'><strong>e.</strong></span> <span class='ocrx_word' id='word_1_65' title='bbox 366 1475 498 1564; x_wconf 82' lang='lat' dir='ltr'><strong>Signum</strong></span> <span class='ocrx_word' id='word_1_66' title='bbox 524 1495 673 1562; x_wconf 83' lang='lat' dir='ltr'><strong>magnum</strong></span> <span class='ocrx_word' id='word_1_67' title='bbox 705 1473 852 1564; x_wconf 82' lang='lat' dir='ltr'><strong>apparuit</strong></span> <span class='ocrx_word' id='word_1_68' title='bbox 901 1419 1104 1543; x_wconf 68' lang='lat' dir='ltr'><strong>Arenaria</strong></span> <span class='ocrx_word' id='word_1_69' title='bbox 1126 1479 1225 1564; x_wconf 81' lang='lat' dir='ltr'><strong>gratia</strong></span> <span class='ocrx_word' id='word_1_70' title='bbox 1248 1476 1357 1568; x_wconf 88' lang='lat' dir='ltr'><strong>plena,</strong></span> <span class='ocrx_word' id='word_1_71' title='bbox 1376 1474 1492 1544; x_wconf 84' lang='lat' dir='ltr'><strong>sanctis</strong></span> 
     </span>
     <span class='ocr_line' id='line_1_11' title="bbox 263 1557 1493 1649; baseline 0.002 -18"><span class='ocrx_word' id='word_1_72' title='bbox 263 1567 295 1632; x_wconf 92' lang='lat' dir='ltr'><strong>in</strong></span> <span class='ocrx_word' id='word_1_73' title='bbox 319 1567 419 1634; x_wconf 89' lang='lat' dir='ltr'><strong>coelo:</strong></span> <span class='ocrx_word' id='word_1_74' title='bbox 443 1557 557 1635; x_wconf 78' lang='lat' dir='ltr'><strong>Mulier</strong></span> <span class='ocrx_word' id='word_1_75' title='bbox 581 1567 699 1634; x_wconf 88' lang='lat' dir='ltr'><strong>amicta·</strong></span> <span class='ocrx_word' id='word_1_76' title='bbox 717 1568 795 1648; x_wconf 88' lang='lat' dir='ltr'><strong>sole,</strong></span> <span class='ocrx_word' id='word_1_77' title='bbox 818 1578 851 1636; x_wconf 90' lang='lat' dir='ltr'><strong>et</strong></span> <span class='ocrx_word' id='word_1_78' title='bbox 895 1568 1044 1648; x_wconf 78' lang='lat' dir='ltr'><strong>sanctior,</strong></span> <span class='ocrx_word' id='word_1_79' title='bbox 1062 1565 1493 1649; x_wconf 82' lang='lat' dir='ltr'><strong>etcoelisexcelsior,etChe-</strong></span> 
     </span>
     <span class='ocr_line' id='line_1_12' title="bbox 262 1658 1491 1752; baseline 0.004 -27"><span class='ocrx_word' id='word_1_80' title='bbox 262 1659 339 1725; x_wconf 89' lang='lat' dir='ltr'><strong>luna</strong></span> <span class='ocrx_word' id='word_1_81' title='bbox 362 1658 424 1727; x_wconf 89' lang='lat' dir='ltr'><strong>sub</strong></span> <span class='ocrx_word' id='word_1_82' title='bbox 448 1659 588 1751; x_wconf 90' lang='lat' dir='ltr'><strong>pedibus</strong></span> <span class='ocrx_word' id='word_1_83' title='bbox 610 1660 726 1749; x_wconf 75' lang='lat' dir='ltr'><strong>ejus*</strong></span> <span class='ocrx_word' id='word_1_84' title='bbox 755 1662 794 1726; x_wconf 81' lang='lat' dir='ltr'><strong>Iit</strong></span> <span class='ocrx_word' id='word_1_85' title='bbox 824 1662 856 1726; x_wconf 94' lang='lat' dir='ltr'><strong>in</strong></span> <span class='ocrx_word' id='word_1_86' title='bbox 904 1659 1009 1726; x_wconf 83' lang='lat' dir='ltr'><strong>rubim</strong></span> <span class='ocrx_word' id='word_1_87' title='bbox 1048 1663 1227 1750; x_wconf 78' lang='lat' dir='ltr'><strong>gloriosior,</strong></span> <span class='ocrx_word' id='word_1_88' title='bbox 1266 1673 1297 1731; x_wconf 86' lang='lat' dir='ltr'><strong>et</strong></span> <span class='ocrx_word' id='word_1_89' title='bbox 1327 1659 1491 1752; x_wconf 80' lang='lat' dir='ltr'><strong>Seraphim</strong></span> 
     </span>
     <span class='ocr_line' id='line_1_13' title="bbox 263 1751 1491 1848; baseline 0.001 -30"><span class='ocrx_word' id='word_1_90' title='bbox 263 1753 365 1843; x_wconf 90' lang='lat' dir='ltr'><strong>capite</strong></span> <span class='ocrx_word' id='word_1_91' title='bbox 381 1755 449 1842; x_wconf 86' lang='lat' dir='ltr'><strong>ejus</strong></span> <span class='ocrx_word' id='word_1_92' title='bbox 466 1759 585 1822; x_wconf 87' lang='lat' dir='ltr'><strong>corona</strong></span> <span class='ocrx_word' id='word_1_93' title='bbox 601 1753 763 1820; x_wconf 88' lang='lat' dir='ltr'><strong>stellarum</strong></span> <span class='ocrx_word' id='word_1_94' title='bbox 772 1752 854 1830; x_wconf 78' lang='lat' dir='ltr'><strong>duo-‚</strong></span> <span class='ocrx_word' id='word_1_95' title='bbox 899 1751 1130 1836; x_wconf 83' lang='lat' dir='ltr'><strong>honorabilior,</strong></span> <span class='ocrx_word' id='word_1_96' title='bbox 1155 1766 1187 1824; x_wconf 85' lang='lat' dir='ltr'><strong>ot</strong></span> <span class='ocrx_word' id='word_1_97' title='bbox 1226 1767 1324 1848; x_wconf 85' lang='lat' dir='ltr'><strong>super</strong></span> <span class='ocrx_word' id='word_1_98' title='bbox 1363 1774 1491 1822; x_wconf 88' lang='lat' dir='ltr'><strong>emnem</strong></span> 
     </span>
     <span class='ocr_line' id='line_1_14' title="bbox 264 1844 1491 1925; baseline 0.002 -15"><span class='ocrx_word' id='word_1_99' title='bbox 264 1844 377 1912; x_wconf 82' lang='lat' dir='ltr'><strong>decim.</strong></span> <span class='ocrx_word' id='word_1_100' title='bbox 421 1901 430 1925; x_wconf 77' lang='lat'><strong>,</strong></span> <span class='ocrx_word' id='word_1_101' title='bbox 545 1879 550 1888; x_wconf 91' lang='lat'>·</span> <span class='ocrx_word' id='word_1_102' title='bbox 746 1873 750 1881; x_wconf 89' lang='lat'>·</span> <span class='ocrx_word' id='word_1_103' title='bbox 825 1894 828 1898; x_wconf 85' lang='lat'><em>-</em></span> <span class='ocrx_word' id='word_1_104' title='bbox 899 1858 1075 1914; x_wconf 89' lang='lat' dir='ltr'><strong>creaturam</strong></span> <span class='ocrx_word' id='word_1_105' title='bbox 1099 1848 1315 1917; x_wconf 88' lang='lat' dir='ltr'><strong>venerabilior.</strong></span> <span class='ocrx_word' id='word_1_106' title='bbox 1340 1852 1419 1922; x_wconf 80' lang='lat' dir='ltr'><strong>Ave,</strong></span> <span class='ocrx_word' id='word_1_107' title='bbox 1435 1866 1491 1915; x_wconf 90' lang='lat' dir='ltr'><strong>co-</strong></span> 
     </span>
    </p>
   </div>
   <div class='ocr_carea' id='block_1_3' title="bbox 308 1917 1613 2031">
    <p class='ocr_par' dir='ltr' id='par_1_4' title="bbox 308 1917 1613 2031">
     <span class='ocr_line' id='line_1_15' title="bbox 308 1917 1613 2031; baseline 0.001 -27"><span class='ocrx_word' id='word_1_108' title='bbox 308 1941 337 2005; x_wconf 84' lang='lat' dir='ltr'><strong>ti.</strong></span> <span class='ocrx_word' id='word_1_109' title='bbox 363 1938 469 2008; x_wconf 85' lang='lat' dir='ltr'><strong>induit</strong></span> <span class='ocrx_word' id='word_1_110' title='bbox 492 1953 561 2007; x_wconf 87' lang='lat' dir='ltr'><strong>eam</strong></span> <span class='ocrx_word' id='word_1_111' title='bbox 579 1917 734 2007; x_wconf 82' lang='lat' dir='ltr'><strong>Dominus</strong></span> <span class='ocrx_word' id='word_1_112' title='bbox 756 1941 853 2006; x_wconf 69' lang='lat' dir='ltr'><strong>vesti</strong></span> <span class='ocrx_word' id='word_1_113' title='bbox 900 1937 1009 2006; x_wconf 87' lang='lat' dir='ltr'><strong>lumba</strong></span> <span class='ocrx_word' id='word_1_114' title='bbox 1050 1963 1134 2031; x_wconf 87' lang='lat' dir='ltr'><strong>quae</strong></span> <span class='ocrx_word' id='word_1_115' title='bbox 1174 1941 1268 2010; x_wconf 80' lang='lat' dir='ltr'><strong>nobis</strong></span> <span class='ocrx_word' id='word_1_116' title='bbox 1291 1950 1324 2009; x_wconf 79' lang='lat' dir='ltr'><strong>et</strong></span> <span class='ocrx_word' id='word_1_117' title='bbox 1351 1941 1491 2010; x_wconf 74' lang='lat' dir='ltr'><strong>fructum</strong></span> <span class='ocrx_word' id='word_1_118' title='bbox 1611 1967 1613 1974; x_wconf 54' lang='lat'><strong>⁴</strong></span> 
     </span>
    </p>
   </div>
   <div class='ocr_carea' id='block_1_4' title="bbox 186 2031 1497 4366">
    <p class='ocr_par' dir='ltr' id='par_1_5' title="bbox 186 2031 1497 4366">
     <span class='ocr_line' id='line_1_16' title="bbox 262 2031 1491 2124; baseline 0.002 -28"><span class='ocrx_word' id='word_1_119' title='bbox 262 2031 376 2097; x_wconf 86' lang='lat' dir='ltr'><strong>mentis</strong></span> <span class='ocrx_word' id='word_1_120' title='bbox 395 2033 519 2113; x_wconf 87' lang='lat' dir='ltr'><strong>salutis,</strong></span> <span class='ocrx_word' id='word_1_121' title='bbox 543 2031 728 2099; x_wconf 88' lang='lat' dir='ltr'><strong>indumento</strong></span> <span class='ocrx_word' id='word_1_122' title='bbox 760 2033 854 2123; x_wconf 88' lang='lat' dir='ltr'><strong>justi·</strong></span> <span class='ocrx_word' id='word_1_123' title='bbox 903 2031 965 2100; x_wconf 89' lang='lat' dir='ltr'><strong>iers</strong></span> <span class='ocrx_word' id='word_1_124' title='bbox 990 2033 1101 2114; x_wconf 85' lang='lat' dir='ltr'><strong>olivae,</strong></span> <span class='ocrx_word' id='word_1_125' title='bbox 1126 2045 1373 2104; x_wconf 71' lang='lat' dir='ltr'><strong>observatorem</strong></span> <span class='ocrx_word' id='word_1_126' title='bbox 1390 2055 1409 2100; x_wconf 92' lang='lat' dir='ltr'><strong>a</strong></span> <span class='ocrx_word' id='word_1_127' title='bbox 1426 2033 1491 2124; x_wconf 90' lang='lat' dir='ltr'><strong>spi-</strong></span> 
     </span>
     <span class='ocr_line' id='line_1_17' title="bbox 262 2121 1491 2220; baseline 0.005 -31"><span class='ocrx_word' id='word_1_128' title='bbox 262 2125 336 2203; x_wconf 92' lang='lat' dir='ltr'><strong>tiae,</strong></span> <span class='ocrx_word' id='word_1_129' title='bbox 361 2123 393 2190; x_wconf 83' lang='lat' dir='ltr'><strong>et</strong></span> <span class='ocrx_word' id='word_1_130' title='bbox 416 2127 507 2212; x_wconf 88' lang='lat' dir='ltr'><strong>quasi</strong></span> <span class='ocrx_word' id='word_1_131' title='bbox 543 2145 691 2215; x_wconf 87' lang='lat' dir='ltr'><strong>sponsam</strong></span> <span class='ocrx_word' id='word_1_132' title='bbox 718 2126 851 2193; x_wconf 78' lang='lat' dir='ltr'><strong>&#39;ornavit</strong></span> <span class='ocrx_word' id='word_1_133' title='bbox 897 2125 977 2192; x_wconf 86' lang='lat' dir='ltr'><strong>ritali</strong></span> <span class='ocrx_word' id='word_1_134' title='bbox 1003 2121 1348 2220; x_wconf 62' lang='lat' dir='ltr'><strong>circumstipatum</strong></span> <span class='ocrx_word' id='word_1_135' title='bbox 1380 2125 1491 2198; x_wconf 76' lang='lat' dir='ltr'><strong>saluta</strong></span> 
     </span>
     <span class='ocr_line' id='line_1_18' title="bbox 262 2216 1491 2312; baseline 0.002 -29"><span class='ocrx_word' id='word_1_136' title='bbox 262 2228 333 2283; x_wconf 86' lang='lat' dir='ltr'><strong>earn</strong></span> <span class='ocrx_word' id='word_1_137' title='bbox 358 2216 528 2284; x_wconf 89' lang='lat' dir='ltr'><strong>monilibus</strong></span> <span class='ocrx_word' id='word_1_138' title='bbox 551 2217 626 2283; x_wconf 89' lang='lat' dir='ltr'><strong>suis.</strong></span> <span class='ocrx_word' id='word_1_139' title='bbox 651 2217 695 2285; x_wconf 86' lang='lat' dir='ltr'><strong>Et·</strong></span> <span class='ocrx_word' id='word_1_140' title='bbox 713 2220 745 2285; x_wconf 93' lang='lat' dir='ltr'><strong>in</strong></span> <span class='ocrx_word' id='word_1_141' title='bbox 769 2217 856 2310; x_wconf 87' lang='lat' dir='ltr'><strong>capi·</strong></span> <span class='ocrx_word' id='word_1_142' title='bbox 902 2221 1080 2301; x_wconf 89' lang='lat' dir='ltr'><strong>annuntias,</strong></span> <span class='ocrx_word' id='word_1_143' title='bbox 1101 2223 1212 2310; x_wconf 85' lang='lat' dir='ltr'><strong>cujus·</strong></span> <span class='ocrx_word' id='word_1_144' title='bbox 1237 2233 1361 2312; x_wconf 78' lang='lat' dir='ltr'><strong>pennae</strong></span> <span class='ocrx_word' id='word_1_145' title='bbox 1399 2217 1491 2302; x_wconf 82' lang='lat' dir='ltr'><strong>dear-</strong></span> 
     </span>
     <span class='ocr_line' id='line_1_19' title="bbox 264 2303 1490 2405; baseline 0.004 -30"><span class='ocrx_word' id='word_1_146' title='bbox 264 2319 304 2375; x_wconf 86' lang='lat' dir='ltr'><strong>te.</strong></span> <span class='ocrx_word' id='word_1_147' title='bbox 328 2307 444 2375; x_wconf 86' lang='lat' dir='ltr'><strong>Gloria.</strong></span> <span class='ocrx_word' id='word_1_148' title='bbox 467 2311 507 2376; x_wconf 86' lang='lat' dir='ltr'><strong>lit</strong></span> <span class='ocrx_word' id='word_1_149' title='bbox 528 2311 564 2374; x_wconf 86' lang='lat' dir='ltr'><strong>in·</strong></span> <span class='ocrx_word' id='word_1_150' title='bbox 587 2309 699 2398; x_wconf 83' lang='lat' dir='ltr'><strong>capite.</strong></span> <span class='ocrx_word' id='word_1_151' title='bbox 900 2321 1055 2398; x_wconf 75' lang='lat' dir='ltr'><strong>geniatus,</strong></span> <span class='ocrx_word' id='word_1_152' title='bbox 1078 2323 1110 2382; x_wconf 91' lang='lat' dir='ltr'><strong>et</strong></span> <span class='ocrx_word' id='word_1_153' title='bbox 1133 2317 1307 2405; x_wconf 80' lang='lat' dir='ltr'><strong>posteriora</strong></span> <span class='ocrx_word' id='word_1_154' title='bbox 1347 2303 1490 2381; x_wconf 87' lang='lat' dir='ltr'><strong>dorsiiu</strong></span> 
     </span>
     <span class='ocr_line' id='line_1_20' title="bbox 371 2402 1490 2493; baseline 0.005 -25"><span class='ocrx_word' id='word_1_155' title='bbox 371 2403 414 2468; x_wconf 86' lang='lat' dir='ltr'><strong>IN</strong></span> <span class='ocrx_word' id='word_1_156' title='bbox 439 2404 495 2469; x_wconf 89' lang='lat' dir='ltr'><strong>Ill.</strong></span> <span class='ocrx_word' id='word_1_157' title='bbox 520 2402 742 2471; x_wconf 76' lang='lat' dir='ltr'><strong>NOCTURNO</strong></span> <span class='ocrx_word' id='word_1_158' title='bbox 829 2477 833 2483; x_wconf 61' lang='grc'>,</span> <span class='ocrx_word' id='word_1_159' title='bbox 896 2403 1018 2493; x_wconf 89' lang='lat' dir='ltr'><strong>pallore</strong></span> <span class='ocrx_word' id='word_1_160' title='bbox 1041 2407 1110 2474; x_wconf 90' lang='lat' dir='ltr'><strong>auri</strong></span> <span class='ocrx_word' id='word_1_161' title='bbox 1134 2407 1324 2477; x_wconf 79' lang='lat' dir='ltr'><strong>sanctissimi</strong></span> <span class='ocrx_word' id='word_1_162' title='bbox 1362 2417 1394 2476; x_wconf 88' lang='lat' dir='ltr'><strong>et</strong></span> <span class='ocrx_word' id='word_1_163' title='bbox 1417 2405 1490 2478; x_wconf 82' lang='lat' dir='ltr'><strong>itiu-</strong></span> 
     </span>
     <span class='ocr_line' id='line_1_21' title="bbox 310 2494 1490 2590; baseline 0.003 -28"><span class='ocrx_word' id='word_1_164' title='bbox 310 2498 380 2565; x_wconf 75' lang='lat' dir='ltr'><strong>Aat.</strong></span> <span class='ocrx_word' id='word_1_165' title='bbox 405 2496 619 2564; x_wconf 86' lang='lat' dir='ltr'><strong>Sanctimonia</strong></span> <span class='ocrx_word' id='word_1_166' title='bbox 649 2511 680 2566; x_wconf 86' lang='lat' dir='ltr'><strong>et</strong></span> <span class='ocrx_word' id='word_1_167' title='bbox 710 2494 853 2587; x_wconf 56' lang='lat' dir='ltr'><strong>magatia</strong></span> <span class='ocrx_word' id='word_1_168' title='bbox 901 2497 1047 2566; x_wconf 80' lang='lat' dir='ltr'><strong>minabtis</strong></span> <span class='ocrx_word' id='word_1_169' title='bbox 1059 2500 1193 2590; x_wconf 84' lang='lat' dir='ltr'><strong>Spiritus</strong></span> <span class='ocrx_word' id='word_1_170' title='bbox 1206 2498 1490 2588; x_wconf 80' lang='lat' dir='ltr'><strong>fulgoreir&#39;radien·</strong></span> 
     </span>
     <span class='ocr_line' id='line_1_22' title="bbox 235 2589 1489 2680; baseline 0.004 -27"><span class='ocrx_word' id='word_1_171' title='bbox 235 2592 367 2656; x_wconf 75' lang='lat' dir='ltr'><strong>centia</strong></span> <span class='ocrx_word' id='word_1_172' title='bbox 390 2590 422 2654; x_wconf 92' lang='lat' dir='ltr'><strong>in</strong></span> <span class='ocrx_word' id='word_1_173' title='bbox 446 2590 551 2657; x_wconf 88' lang='lat' dir='ltr'><strong>Conce</strong></span> <span class='ocrx_word' id='word_1_174' title='bbox 588 2589 658 2660; x_wconf 88' lang='lat' dir='ltr'><strong>ione</strong></span> <span class='ocrx_word' id='word_1_175' title='bbox 682 2592 761 2680; x_wconf 80' lang='lat' dir='ltr'><strong>ejus3</strong></span> <span class='ocrx_word' id='word_1_176' title='bbox 796 2611 853 2660; x_wconf 90' lang='lat' dir='ltr'><strong>au·</strong></span> <span class='ocrx_word' id='word_1_177' title='bbox 899 2599 960 2657; x_wconf 94' lang='lat' dir='ltr'><strong>tur.</strong></span> <span class='ocrx_word' id='word_1_178' title='bbox 983 2595 1052 2658; x_wconf 83' lang='lat' dir='ltr'><strong>Ave</strong></span> <span class='ocrx_word' id='word_1_179' title='bbox 1074 2595 1316 2660; x_wconf 85' lang='lat' dir='ltr'><strong>amoenissimus</strong></span> <span class='ocrx_word' id='word_1_180' title='bbox 1340 2603 1372 2660; x_wconf 86' lang='lat' dir='ltr'><strong>at</strong></span> <span class='ocrx_word' id='word_1_181' title='bbox 1394 2591 1489 2659; x_wconf 78' lang='lat' dir='ltr'><strong>ratio-</strong></span> 
     </span>
     <span class='ocr_line' id='line_1_23' title="bbox 249 2679 1488 2777; baseline 0.003 -31"><span class='ocrx_word' id='word_1_182' title='bbox 249 2679 403 2750; x_wconf 13' lang='lat' dir='ltr'><strong>,nuntiate</strong></span> <span class='ocrx_word' id='word_1_183' title='bbox 420 2683 449 2749; x_wconf 85' lang='lat' dir='ltr'><strong>in</strong></span> <span class='ocrx_word' id='word_1_184' title='bbox 466 2685 551 2750; x_wconf 84' lang='lat' dir='ltr'><strong>omn&#39;</strong></span> <span class='ocrx_word' id='word_1_185' title='bbox 577 2703 615 2750; x_wconf 91' lang='lat' dir='ltr'><strong>us</strong></span> <span class='ocrx_word' id='word_1_186' title='bbox 630 2684 765 2777; x_wconf 78' lang='lat' dir='ltr'><strong>populis</strong></span> <span class='ocrx_word' id='word_1_187' title='bbox 780 2682 849 2773; x_wconf 84' lang='lat' dir='ltr'><strong>glo·</strong></span> <span class='ocrx_word' id='word_1_188' title='bbox 896 2681 977 2751; x_wconf 85' lang='lat' dir='ltr'><strong>nelis</strong></span> <span class='ocrx_word' id='word_1_189' title='bbox 999 2685 1056 2751; x_wconf 92' lang='lat' dir='ltr'><strong>Dei</strong></span> <span class='ocrx_word' id='word_1_190' title='bbox 1079 2684 1257 2775; x_wconf 84' lang='lat' dir='ltr'><strong>paradisus,</strong></span> <span class='ocrx_word' id='word_1_191' title='bbox 1294 2683 1488 2754; x_wconf 71' lang='lat' dir='ltr'><strong>benevolen—</strong></span> 
     </span>
     <span class='ocr_line' id='line_1_24' title="bbox 263 2773 1489 2871; baseline 0.003 -31"><span class='ocrx_word' id='word_1_192' title='bbox 263 2775 341 2841; x_wconf 85' lang='lat' dir='ltr'><strong>riam</strong></span> <span class='ocrx_word' id='word_1_193' title='bbox 365 2775 443 2864; x_wconf 71' lang='lat' dir='ltr'><strong>vg&#39;us.¹</strong></span> <span class='ocrx_word' id='word_1_194' title='bbox 896 2773 1016 2843; x_wconf 83' lang='lat' dir='ltr'><strong>tissima</strong></span> <span class='ocrx_word' id='word_1_195' title='bbox 1040 2786 1071 2844; x_wconf 84' lang='lat' dir='ltr'><strong>et</strong></span> <span class='ocrx_word' id='word_1_196' title='bbox 1100 2779 1305 2871; x_wconf 84' lang='lat' dir='ltr'><strong>omnipotenti</strong></span> <span class='ocrx_word' id='word_1_197' title='bbox 1344 2775 1489 2867; x_wconf 81' lang='lat' dir='ltr'><strong>ejusdem</strong></span> 
     </span>
     <span class='ocr_line' id='line_1_25' title="bbox 308 2868 1487 2961; baseline 0.003 -26"><span class='ocrx_word' id='word_1_198' title='bbox 308 2871 379 2936; x_wconf 78' lang='lat' dir='ltr'><strong>Aut.</strong></span> <span class='ocrx_word' id='word_1_199' title='bbox 404 2869 573 2936; x_wconf 74' lang='lat' dir='ltr'><strong>laetamini</strong></span> <span class='ocrx_word' id='word_1_200' title='bbox 597 2889 708 2937; x_wconf 84' lang='lat' dir='ltr'><strong>ornnes</strong></span> <span class='ocrx_word' id='word_1_201' title='bbox 732 2869 851 2935; x_wconf 79' lang='lat' dir='ltr'><strong>inbo-</strong></span> <span class='ocrx_word' id='word_1_202' title='bbox 897 2868 1007 2938; x_wconf 84' lang='lat' dir='ltr'><strong>dextra</strong></span> <span class='ocrx_word' id='word_1_203' title='bbox 1031 2869 1126 2938; x_wconf 88' lang='lat' dir='ltr'><strong>hodie</strong></span> <span class='ocrx_word' id='word_1_204' title='bbox 1148 2871 1190 2939; x_wconf 89' lang='lat' dir='ltr'><strong>ad</strong></span> <span class='ocrx_word' id='word_1_205' title='bbox 1214 2873 1368 2940; x_wconf 84' lang='lat' dir='ltr'><strong>orientem</strong></span> <span class='ocrx_word' id='word_1_206' title='bbox 1396 2870 1487 2961; x_wconf 66' lang='lat' dir='ltr'><strong>plan</strong></span> 
     </span>
     <span class='ocr_line' id='line_1_26' title="bbox 261 2957 1488 3055; baseline 0.004 -30"><span class='ocrx_word' id='word_1_207' title='bbox 261 2960 356 3028; x_wconf 90' lang='lat' dir='ltr'><strong>mino:</strong></span> <span class='ocrx_word' id='word_1_208' title='bbox 386 2973 418 3028; x_wconf 83' lang='lat' dir='ltr'><strong>at</strong></span> <span class='ocrx_word' id='word_1_209' title='bbox 447 2957 641 3031; x_wconf 78' lang='lat' dir='ltr'><strong>confitemini</strong></span> <span class='ocrx_word' id='word_1_210' title='bbox 680 2963 850 3030; x_wconf 80' lang='lat' dir='ltr'><strong>momoriae</strong></span> <span class='ocrx_word' id='word_1_211' title='bbox 895 2972 989 3043; x_wconf 88' lang='lat' dir='ltr'><strong>tatus,</strong></span> <span class='ocrx_word' id='word_1_212' title='bbox 1013 2963 1126 3055; x_wconf 81' lang='lat' dir='ltr'><strong>stipsi</strong></span> <span class='ocrx_word' id='word_1_213' title='bbox 1149 2975 1249 3034; x_wconf 78' lang='lat' dir='ltr'><strong>suave</strong></span> <span class='ocrx_word' id='word_1_214' title='bbox 1272 2965 1362 3034; x_wconf 87' lang='lat' dir='ltr'><strong>olens</strong></span> <span class='ocrx_word' id='word_1_215' title='bbox 1385 2963 1488 3032; x_wconf 88' lang='lat' dir='ltr'><strong>lilium</strong></span> 
     </span>
     <span class='ocr_line' id='line_1_27' title="bbox 259 3056 1485 3148; baseline 0.002 -29"><span class='ocrx_word' id='word_1_216' title='bbox 259 3056 434 3121; x_wconf 83' lang='lat' dir='ltr'><strong>sanctitatis</strong></span> <span class='ocrx_word' id='word_1_217' title='bbox 457 3056 557 3144; x_wconf 80' lang='lat' dir='ltr'><strong>ejus.¹</strong></span> <span class='ocrx_word' id='word_1_218' title='bbox 815 3105 837 3144; x_wconf 89' lang='lat'><strong>·.</strong></span> <span class='ocrx_word' id='word_1_219' title='bbox 895 3065 927 3122; x_wconf 87' lang='lat' dir='ltr'><strong>et</strong></span> <span class='ocrx_word' id='word_1_220' title='bbox 951 3075 1055 3124; x_wconf 90' lang='lat' dir='ltr'><strong>rosam</strong></span> <span class='ocrx_word' id='word_1_221' title='bbox 1085 3057 1376 3130; x_wconf 80' lang='lat' dir='ltr'><strong>immarcescibilem</strong></span> <span class='ocrx_word' id='word_1_222' title='bbox 1414 3075 1485 3148; x_wconf 80' lang='lat' dir='ltr'><strong>ger-</strong></span> 
     </span>
     <span class='ocr_line' id='line_1_28' title="bbox 257 3147 1486 3240; baseline 0.002 -27"><span class='ocrx_word' id='word_1_223' title='bbox 257 3216 259 3225; x_wconf 66' lang='lat'><strong>,</strong></span> <span class='ocrx_word' id='word_1_224' title='bbox 307 3148 377 3217; x_wconf 80' lang='lat' dir='ltr'><strong>Art.</strong></span> <span class='ocrx_word' id='word_1_225' title='bbox 402 3149 519 3215; x_wconf 85' lang='lat' dir='ltr'><strong>Notum</strong></span> <span class='ocrx_word' id='word_1_226' title='bbox 543 3149 617 3216; x_wconf 84' lang='lat' dir='ltr'><strong>iuuit</strong></span> <span class='ocrx_word' id='word_1_227' title='bbox 640 3147 794 3215; x_wconf 87' lang='lat' dir='ltr'><strong>Dominus</strong></span> <span class='ocrx_word' id='word_1_228' title='bbox 817 3167 853 3214; x_wconf 73' lang='lat' dir='ltr'><strong>a</strong></span> <span class='ocrx_word' id='word_1_229' title='bbox 899 3148 1023 3217; x_wconf 84' lang='lat' dir='ltr'><strong>minans</strong></span> <span class='ocrx_word' id='word_1_230' title='bbox 1047 3151 1078 3218; x_wconf 90' lang='lat' dir='ltr'><strong>in</strong></span> <span class='ocrx_word' id='word_1_231' title='bbox 1102 3166 1214 3220; x_wconf 89' lang='lat' dir='ltr'><strong>eorum</strong></span> <span class='ocrx_word' id='word_1_232' title='bbox 1237 3151 1411 3230; x_wconf 82' lang='lat' dir='ltr'><strong>medelam,</strong></span> <span class='ocrx_word' id='word_1_233' title='bbox 1429 3149 1486 3240; x_wconf 91' lang='lat' dir='ltr'><strong>qui</strong></span> 
     </span>
     <span class='ocr_line' id='line_1_29' title="bbox 255 3243 1487 3336; baseline 0.002 -28"><span class='ocrx_word' id='word_1_234' title='bbox 255 3259 323 3328; x_wconf 80' lang='lat' dir='ltr'><strong>pus</strong></span> <span class='ocrx_word' id='word_1_235' title='bbox 345 3255 451 3308; x_wconf 86' lang='lat' dir='ltr'><strong>saum:</strong></span> <span class='ocrx_word' id='word_1_236' title='bbox 468 3243 499 3308; x_wconf 91' lang='lat' dir='ltr'><strong>in</strong></span> <span class='ocrx_word' id='word_1_237' title='bbox 515 3249 688 3333; x_wconf 84' lang='lat' dir='ltr'><strong>conspectu</strong></span> <span class='ocrx_word' id='word_1_238' title='bbox 710 3243 850 3331; x_wconf 85' lang='lat' dir='ltr'><strong>gentium</strong></span> <span class='ocrx_word' id='word_1_239' title='bbox 894 3244 1075 3332; x_wconf 84' lang='lat' dir='ltr'><strong>pestiferam</strong></span> <span class='ocrx_word' id='word_1_240' title='bbox 1094 3248 1290 3336; x_wconf 82' lang='lat' dir='ltr'><strong>&#39;animaeque</strong></span> <span class='ocrx_word' id='word_1_241' title='bbox 1328 3243 1487 3314; x_wconf 74' lang='lat' dir='ltr'><strong>exitialem</strong></span> 
     </span>
     <span class='ocr_line' id='line_1_30' title="bbox 186 3330 1488 3422; baseline 0.005 -24"><span class='ocrx_word' id='word_1_242' title='bbox 186 3366 190 3371; x_wconf 84' lang='lat'><em>-</em></span> <span class='ocrx_word' id='word_1_243' title='bbox 257 3333 559 3422; x_wconf 79' lang='lat' dir='ltr'><strong>revelavitgloriam</strong></span> <span class='ocrx_word' id='word_1_244' title='bbox 576 3336 745 3404; x_wconf 79' lang='lat' dir='ltr'><strong>Genitricia</strong></span> <span class='ocrx_word' id='word_1_245' title='bbox 760 3354 847 3403; x_wconf 90' lang='lat' dir='ltr'><strong>suae.</strong></span> <span class='ocrx_word' id='word_1_246' title='bbox 898 3336 1138 3405; x_wconf 83' lang='lat' dir='ltr'><strong>amaritudinem</strong></span> <span class='ocrx_word' id='word_1_247' title='bbox 1156 3340 1266 3407; x_wconf 87' lang='lat' dir='ltr'><strong>mortis</strong></span> <span class='ocrx_word' id='word_1_248' title='bbox 1281 3337 1322 3406; x_wconf 89' lang='lat' dir='ltr'><strong>ad</strong></span> <span class='ocrx_word' id='word_1_249' title='bbox 1340 3330 1488 3406; x_wconf 79' lang='lat' dir='ltr'><strong>occidar-</strong></span> 
     </span>
     <span class='ocr_line' id='line_1_31' title="bbox 258 3427 1488 3524; baseline 0.003 -32"><span class='ocrx_word' id='word_1_250' title='bbox 258 3479 261 3483; x_wconf 90' lang='lat'><em>.</em></span> <span class='ocrx_word' id='word_1_251' title='bbox 304 3427 335 3493; x_wconf 77' lang='lat' dir='ltr'><strong>i.</strong></span> <span class='ocrx_word' id='word_1_252' title='bbox 358 3428 511 3497; x_wconf 77' lang='lat' dir='ltr'><strong>Enaltabo</strong></span> <span class='ocrx_word' id='word_1_253' title='bbox 534 3430 744 3520; x_wconf 54' lang='lat' dir='ltr'><strong>taberniae,</strong></span> <span class='ocrx_word' id='word_1_254' title='bbox 767 3437 847 3519; x_wconf 81' lang='lat' dir='ltr'><strong>quo</strong></span> <span class='ocrx_word' id='word_1_255' title='bbox 896 3439 960 3496; x_wconf 89' lang='lat' dir='ltr'><strong>tem</strong></span> <span class='ocrx_word' id='word_1_256' title='bbox 985 3429 1156 3500; x_wconf 83' lang='lat' dir='ltr'><strong>ebiberabt:</strong></span> <span class='ocrx_word' id='word_1_257' title='bbox 1181 3432 1359 3524; x_wconf 76' lang='lat' dir='ltr'><strong>paradisus,</strong></span> <span class='ocrx_word' id='word_1_258' title='bbox 1372 3432 1403 3497; x_wconf 86' lang='lat' dir='ltr'><strong>in¹</strong></span> <span class='ocrx_word' id='word_1_259' title='bbox 1421 3450 1488 3521; x_wconf 76' lang='lat' dir='ltr'><strong>quo</strong></span> 
     </span>
     <span class='ocr_line' id='line_1_32' title="bbox 258 3515 1488 3616; baseline 0.007 -34"><span class='ocrx_word' id='word_1_260' title='bbox 258 3515 342 3586; x_wconf 83' lang='lat' dir='ltr'><strong>niatu</strong></span> <span class='ocrx_word' id='word_1_261' title='bbox 366 3521 531 3613; x_wconf 83' lang='lat' dir='ltr'><strong>suscepisti</strong></span> <span class='ocrx_word' id='word_1_262' title='bbox 556 3544 616 3591; x_wconf 87' lang='lat' dir='ltr'><strong>me.</strong></span> <span class='ocrx_word' id='word_1_263' title='bbox 701 3604 704 3610; x_wconf 22' lang='lat'><strong><em>¹</em></strong></span> <span class='ocrx_word' id='word_1_264' title='bbox 776 3547 779 3552; x_wconf 91' lang='lat'><em>·</em></span> <span class='ocrx_word' id='word_1_265' title='bbox 822 3525 829 3538; x_wconf 88' lang='lat'><em>&#39;</em></span> <span class='ocrx_word' id='word_1_266' title='bbox 893 3520 935 3588; x_wconf 89' lang='lat' dir='ltr'><strong>ad</strong></span> <span class='ocrx_word' id='word_1_267' title='bbox 965 3523 1104 3592; x_wconf 86' lang='lat' dir='ltr'><strong>veritatis</strong></span> <span class='ocrx_word' id='word_1_268' title='bbox 1134 3527 1326 3616; x_wconf 81' lang='lat' dir='ltr'><strong>agnitionem</strong></span> <span class='ocrx_word' id='word_1_269' title='bbox 1365 3524 1488 3616; x_wconf 86' lang='lat' dir='ltr'><strong>lignum</strong></span> 
     </span>
     <span class='ocr_line' id='line_1_33' title="bbox 276 3613 1485 3708; baseline 0.002 -29"><span class='ocrx_word' id='word_1_270' title='bbox 276 3664 279 3670; x_wconf 75' lang='lat'><strong>,</strong></span> <span class='ocrx_word' id='word_1_271' title='bbox 303 3618 336 3694; x_wconf 63' lang='lat' dir='ltr'><strong>d.</strong></span> <span class='ocrx_word' id='word_1_272' title='bbox 360 3615 425 3682; x_wconf 88' lang='lat' dir='ltr'><strong>Neo</strong></span> <span class='ocrx_word' id='word_1_273' title='bbox 441 3615 603 3684; x_wconf 84' lang='lat' dir='ltr'><strong>delectasti</strong></span> <span class='ocrx_word' id='word_1_274' title='bbox 619 3617 765 3685; x_wconf 88' lang='lat' dir='ltr'><strong>inimicos</strong></span> <span class='ocrx_word' id='word_1_275' title='bbox 783 3637 851 3684; x_wconf 89' lang='lat' dir='ltr'><strong>me·</strong></span> <span class='ocrx_word' id='word_1_276' title='bbox 897 3614 1058 3684; x_wconf 84' lang='lat' dir='ltr'><strong>vivificum</strong></span> <span class='ocrx_word' id='word_1_277' title='bbox 1082 3613 1261 3701; x_wconf 85' lang='lat' dir='ltr'><strong>efflorescit,</strong></span> <span class='ocrx_word' id='word_1_278' title='bbox 1285 3643 1305 3688; x_wconf 95' lang='lat' dir='ltr'><strong>e</strong></span> <span class='ocrx_word' id='word_1_279' title='bbox 1328 3638 1395 3708; x_wconf 83' lang='lat' dir='ltr'><strong>quo</strong></span> <span class='ocrx_word' id='word_1_280' title='bbox 1429 3615 1485 3706; x_wconf 91' lang='lat' dir='ltr'><strong>qui</strong></span> 
     </span>
     <span class='ocr_line' id='line_1_34' title="bbox 259 3711 1497 3803; baseline 0.006 -34"><span class='ocrx_word' id='word_1_281' title='bbox 259 3721 297 3769; x_wconf 83' lang='lat' dir='ltr'><strong>os</strong></span> <span class='ocrx_word' id='word_1_282' title='bbox 319 3723 417 3796; x_wconf 87' lang='lat' dir='ltr'><strong>super</strong></span> <span class='ocrx_word' id='word_1_283' title='bbox 438 3730 499 3776; x_wconf 88' lang='lat' dir='ltr'><strong>me.</strong></span> <span class='ocrx_word' id='word_1_284' title='bbox 893 3711 1098 3796; x_wconf 86' lang='lat' dir='ltr'><strong>gustaverint,</strong></span> <span class='ocrx_word' id='word_1_285' title='bbox 1122 3713 1383 3782; x_wconf 79' lang='lat' dir='ltr'><strong>immortalitatem</strong></span> <span class='ocrx_word' id='word_1_286' title='bbox 1408 3729 1497 3803; x_wconf 18' lang='lat' dir='ltr'><strong>con-k</strong></span> 
     </span>
     <span class='ocr_line' id='line_1_35' title="bbox 305 3799 1484 3892; baseline 0.005 -28"><span class='ocrx_word' id='word_1_287' title='bbox 305 3799 414 3866; x_wconf 86' lang='lat' dir='ltr'><strong>Lectio</strong></span> <span class='ocrx_word' id='word_1_288' title='bbox 436 3803 535 3870; x_wconf 88' lang='lat' dir='ltr'><strong>sancti</strong></span> <span class='ocrx_word' id='word_1_289' title='bbox 551 3801 712 3892; x_wconf 80' lang='lat' dir='ltr'><strong>Evangelii</strong></span> <span class='ocrx_word' id='word_1_290' title='bbox 734 3822 850 3870; x_wconf 89' lang='lat' dir='ltr'><strong>secun-</strong></span> <span class='ocrx_word' id='word_1_291' title='bbox 896 3811 1086 3892; x_wconf 81' lang='lat' dir='ltr'><strong>sequuntur.</strong></span> <span class='ocrx_word' id='word_1_292' title='bbox 1112 3813 1189 3887; x_wconf 86' lang='lat' dir='ltr'><strong>Ave,</strong></span> <span class='ocrx_word' id='word_1_293' title='bbox 1215 3813 1416 3874; x_wconf 84' lang='lat' dir='ltr'><strong>sacrosancte</strong></span> <span class='ocrx_word' id='word_1_294' title='bbox 1430 3823 1484 3870; x_wconf 86' lang='lat' dir='ltr'><strong>ae-</strong></span> 
     </span>
     <span class='ocr_line' id='line_1_36' title="bbox 258 3885 1482 3986; baseline 0.007 -33"><span class='ocrx_word' id='word_1_295' title='bbox 258 3885 337 3957; x_wconf 89' lang='lat' dir='ltr'><strong>dum</strong></span> <span class='ocrx_word' id='word_1_296' title='bbox 361 3892 489 3958; x_wconf 85' lang='lat' dir='ltr'><strong>Lucam.</strong></span> <span class='ocrx_word' id='word_1_297' title='bbox 892 3893 1065 3978; x_wconf 87' lang='lat' dir='ltr'><strong>dificatum,</strong></span> <span class='ocrx_word' id='word_1_298' title='bbox 1094 3899 1341 3976; x_wconf 85' lang='lat' dir='ltr'><strong>immaculatum,</strong></span> <span class='ocrx_word' id='word_1_299' title='bbox 1376 3897 1482 3986; x_wconf 89' lang='lat' dir='ltr'><strong>puris-</strong></span> 
     </span>
     <span class='ocr_line' id='line_1_37' title="bbox 339 3986 1483 4079; baseline 0.003 -27"><span class='ocrx_word' id='word_1_300' title='bbox 339 3986 420 4052; x_wconf 85' lang='lat' dir='ltr'><strong>Lect</strong></span> <span class='ocrx_word' id='word_1_301' title='bbox 443 4005 497 4052; x_wconf 82' lang='lat' dir='ltr'><strong>vu.</strong></span> <span class='ocrx_word' id='word_1_302' title='bbox 694 3989 770 4076; x_wconf 80' lang='lat' dir='ltr'><strong>Cap.</strong></span> <span class='ocrx_word' id='word_1_303' title='bbox 799 3989 827 4053; x_wconf 84' lang='lat' dir='ltr'><strong>i.</strong></span> <span class='ocrx_word' id='word_1_304' title='bbox 896 3988 1078 4079; x_wconf 85' lang='lat' dir='ltr'><strong>simumque</strong></span> <span class='ocrx_word' id='word_1_305' title='bbox 1125 3994 1181 4058; x_wconf 86' lang='lat' dir='ltr'><strong>Dei</strong></span> <span class='ocrx_word' id='word_1_306' title='bbox 1227 3992 1343 4059; x_wconf 89' lang='lat' dir='ltr'><strong>summi</strong></span> <span class='ocrx_word' id='word_1_307' title='bbox 1390 3989 1483 4078; x_wconf 79' lang='lat' dir='ltr'><strong>Regis</strong></span> 
     </span>
     <span class='ocr_line' id='line_1_38' title="bbox 258 4028 1482 4174; baseline 0.009 -36"><span class='ocrx_word' id='word_1_308' title='bbox 258 4028 314 4144; x_wconf 78' lang='lat' dir='ltr'><strong>ln</strong></span> <span class='ocrx_word' id='word_1_309' title='bbox 339 4077 392 4144; x_wconf 92' lang='lat' dir='ltr'><strong>illo</strong></span> <span class='ocrx_word' id='word_1_310' title='bbox 418 4088 568 4168; x_wconf 87' lang='lat' dir='ltr'><strong>tempore:</strong></span> <span class='ocrx_word' id='word_1_311' title='bbox 592 4081 706 4148; x_wconf 82' lang='lat' dir='ltr'><strong>Missus</strong></span> <span class='ocrx_word' id='word_1_312' title='bbox 722 4085 846 4148; x_wconf 72' lang='lat' dir='ltr'><strong>estin·</strong></span> <span class='ocrx_word' id='word_1_313' title='bbox 893 4081 1054 4170; x_wconf 89' lang='lat' dir='ltr'><strong>palatium,</strong></span> <span class='ocrx_word' id='word_1_314' title='bbox 1070 4083 1212 4172; x_wconf 86' lang='lat' dir='ltr'><strong>ejusdcm</strong></span> <span class='ocrx_word' id='word_1_315' title='bbox 1237 4085 1292 4152; x_wconf 82' lang='lat' dir='ltr'><strong>Dei</strong></span> <span class='ocrx_word' id='word_1_316' title='bbox 1309 4085 1392 4174; x_wconf 85' lang='lat' dir='ltr'><strong>regis</strong></span> <span class='ocrx_word' id='word_1_317' title='bbox 1414 4104 1482 4149; x_wconf 86' lang='lat' dir='ltr'><strong>ma·</strong></span> 
     </span>
     <span class='ocr_line' id='line_1_39' title="bbox 258 4170 1482 4262; baseline 0.004 -25"><span class='ocrx_word' id='word_1_318' title='bbox 258 4170 358 4258; x_wconf 16' lang='lat' dir='ltr'><strong>geles-</strong></span> <span class='ocrx_word' id='word_1_319' title='bbox 390 4170 516 4240; x_wconf 84' lang='lat' dir='ltr'><strong>Gabriel</strong></span> <span class='ocrx_word' id='word_1_320' title='bbox 540 4196 560 4240; x_wconf 91' lang='lat' dir='ltr'><strong>a</strong></span> <span class='ocrx_word' id='word_1_321' title='bbox 583 4176 650 4242; x_wconf 87' lang='lat' dir='ltr'><strong>Deo</strong></span> <span class='ocrx_word' id='word_1_322' title='bbox 674 4175 706 4241; x_wconf 94' lang='lat' dir='ltr'><strong>in</strong></span> <span class='ocrx_word' id='word_1_323' title='bbox 737 4174 850 4241; x_wconf 83' lang='lat' dir='ltr'><strong>Civita-</strong></span> <span class='ocrx_word' id='word_1_324' title='bbox 896 4172 1077 4262; x_wconf 86' lang='lat' dir='ltr'><strong>gnificentia</strong></span> <span class='ocrx_word' id='word_1_325' title='bbox 1092 4179 1211 4245; x_wconf 88' lang='lat' dir='ltr'><strong>circum</strong></span> <span class='ocrx_word' id='word_1_326' title='bbox 1229 4188 1387 4258; x_wconf 88' lang='lat' dir='ltr'><strong>ornatum,</strong></span> <span class='ocrx_word' id='word_1_327' title='bbox 1413 4196 1482 4242; x_wconf 52' lang='lat' dir='ltr'><strong>om*</strong></span> 
     </span>
     <span class='ocr_line' id='line_1_40' title="bbox 259 4264 1482 4366; baseline 0.002 -31"><span class='ocrx_word' id='word_1_328' title='bbox 259 4274 321 4335; x_wconf 80' lang='lat' dir='ltr'><strong>tea</strong></span> <span class='ocrx_word' id='word_1_329' title='bbox 345 4264 511 4364; x_wconf 77' lang='lat' dir='ltr'><strong>Galilaeae,</strong></span> <span class='ocrx_word' id='word_1_330' title='bbox 537 4268 598 4338; x_wconf 88' lang='lat' dir='ltr'><strong>cui.</strong></span> <span class='ocrx_word' id='word_1_331' title='bbox 613 4289 731 4338; x_wconf 87' lang='lat' dir='ltr'><strong>nomen</strong></span> <span class='ocrx_word' id='word_1_332' title='bbox 745 4268 844 4341; x_wconf 84' lang='lat' dir='ltr'><strong>Neza·</strong></span> <span class='ocrx_word' id='word_1_333' title='bbox 890 4289 1011 4360; x_wconf 82' lang='lat' dir='ltr'><strong>aesque</strong></span> <span class='ocrx_word' id='word_1_334' title='bbox 1028 4269 1164 4366; x_wconf 87' lang='lat' dir='ltr'><strong>bospitio</strong></span> <span class='ocrx_word' id='word_1_335' title='bbox 1176 4273 1348 4364; x_wconf 80' lang='lat' dir='ltr'><strong>recipiens,</strong></span> <span class='ocrx_word' id='word_1_336' title='bbox 1358 4292 1395 4341; x_wconf 85' lang='lat' dir='ltr'><strong>ac</strong></span> <span class='ocrx_word' id='word_1_337' title='bbox 1412 4289 1482 4364; x_wconf 78' lang='lat' dir='ltr'><strong>my·</strong></span> 
     </span>
    </p>
   </div>
   <div class='ocr_carea' id='block_1_5' title="bbox 0 0 1796 5034">
    <p class='ocr_par' dir='ltr' id='par_1_6' title="bbox 0 0 1796 5034">
     <span class='ocr_line' id='line_1_41' title="bbox 0 0 1796 5034; baseline 0 1"><span class='ocrx_word' id='word_1_338' title='bbox 0 0 1796 5034; x_wconf 95' lang='lat' dir='ltr'><strong> </strong></span> 
     </span>
    </p>
   </div>
  </div>
 </body>
</html>
