3584 5034
350 610 415 676 tto
770 605 897 676 FESTA
921 604 1145 680 caecutitis

345 718 691 812 sinapisestfidertua,
705 741 790 810 quae
806 730 869 788 mm
883 716 930 788 in·
976 722 1092 804 Quaeri
1116 729 1221 790 autam
1245 729 1376 812 potest,
1401 716 1571 810 quomodo

343 808 523 907 speratum,
542 812 599 880 ubi
622 815 680 882 teri
693 815 808 905 coepit,
826 816 932 905 coepit
977 813 1070 882 binos
1093 817 1257 883 vocaverit
1280 813 1321 882 de
1337 809 1495 882 naviculis
1514 811 1575 904 pi·
1648 837 1660 898 χ

345 928 385 974 ex
400 927 437 974 so
451 903 873 998 proferreiervorem.0uid
900 909 925 975 si
972 918 1139 988 scalores,
1164 909 1267 999 primo
1292 908 1420 975 Petrum
1444 917 1477 974 et
1500 909 1575 971 An·
1654 976 1656 985 ,

341 1000 441 1091 paulo
451 1001 589 1090 amplius
605 1001 777 1069 tereretur?
785 992 934 1091 Quisie'r·
982 999 1113 1092 dream,
1137 997 1263 1090 deinde¹
1277 1019 1465 1092 progressus
1488 1021 1574 1088 pau-

341 1113 453 1162 vorem
482 1094 571 1160 illum
582 1095 718 1186 animus,
735 1095 808 1184 quis
830 1087 930 1162 verba
965 1093 1090 1176 lulum,
1108 1095 1186 1162 alios
1203 1094 1286 1162 duos
1302 1092 1387 1161 filios
1404 1091 1570 1172 Zebedaei,

338 1186 396 1254 illa
411 1187 566 1254 sustinere
587 1199 697 1278 posset
713 1186 859 1254 auditus?
872 1189 930 1254 Te
976 1187 1059 1254 sieut
1083 1199 1211 1254 narrant
1235 1185 1408 1255 Matthaeus
1432 1197 1464 1254 et
1487 1185 1571 1251 liard
1651 1251 1655 1258 ,

340 1279 662 1370 rendumeum-putat
678 1287 808 1370 Aegeae,
826 1281 933 1348 crucis
979 1301 1065 1362 cus,
1091 1302 1166 1348 cum
1208 1283 1309 1348 Lucas
1333 1281 1433 1361 dicat,
1457 1276 1572 1346 ambas

340 1374 536 1465 supplicium
555 1375 709 1441 minitans:
731 1373 865 1441 sednon
881 1383 933 1441 est·
977 1391 1089 1440 corum
1124 1375 1287 1456 naviculas
1319 1375 1465 1466 impletas
1501 1391 1572 1436 ma-

340 1467 394 1532 ita:
429 1466 744 1555 Accenditur'magis
768 1468 799 1542 in
823 1466 923 1534 verbo
971 1487 1034 1556 gna
1059 1467 1111 1534 illa
1135 1478 1266 1560 captura
1278 1469 1425 1560 piscium,
1442 1465 1568 1534 socios-

277 1579 279 1584 ·
342 1557 463 1638 hoeet
478 1559 579 1627 libere
601 1560 725 1627 clamat:
749 1561 816 1649 Ego
833 1561 857 1628 si
875 1581 931 1650 pa·
978 1581 1043 1648 que
1061 1563 1145 1628 Petri
1173 1573 1400 1630 commemoret
1411 1555 1570 1627 iacobum

276 1668 278 1679 ·
340 1650 478 1720 tibulum
512 1655 636 1720 crucis·
658 1673 931 1744 expavescerem,
979 1664 1012 1719 et
1035 1655 1188 1722 loannem
1213 1653 1295 1722 filios
1319 1652 1471 1722 Zebedaei
1511 1669 1572 1717 vo·

342 1747 450 1814 crucis
465 1746 597 1834 gloriam
621 1754 686 1814 non
702 1747 931 1836 praedicarem.
978 1757 1067 1814 catus
1090 1747 1131 1814 ad
1155 1746 1384 1837 adjuvandum,
1415 1767 1490 1814 eum
1518 1763 1571 1812 re-

344 1840 453 1907 Merito
469 1838 603 1930 proinde
625 1843 733 1908 crucis
757 1851 930 1907 amatorem
976 1840 1019 1906 tia
1043 1839 1322 1931 plena-extrahere
1345 1859 1410 1906 non
1426 1846 1571 1930 possent

312 1946 317 1955 ⁴
342 1944 535 2000 venerantur
551 1935 749 2024 quicumque
757 1944 835 2000 sunt
844 1935 929 2000 servi
1020 1934 1053 2009 ti.
1079 1933 1195 2001 Oravit.
1307 2015 1310 2023 ι

343 2027 458 2094 crucis:
481 2025 538 2094 sed
562 2026 603 2093 ab
618 2027 667 2094 his
684 2029 869 2117 ampliorem
881 2027 937 2114 ju·
1186 2021 1269 2094 teet
1290 2041 1358 2092 virt.

343 2141 379 2185 re
402 2119 604 2188 devotionem
635 2121 739 2209 exigit,
764 2120 823 2209 qui
858 2141 935 2210 spe·
984 2071 1106 2187 Unde
1145 2129 1178 2187 et
1221 2116 1462 2208 intelligendum
1502 2123 1572 2196 est,
1659 2113 1660 2122 ³

343 2213 467 2280 cialius·
481 2223 717 2304 proposuerunt
741 2213 936 2281 tollerecru·
982 2213 1044 2282 hoc
1068 2213 1172 2304 primo
1208 2213 1446 2292 semiactum,
1482 2209 1572 2300 quod

343 2324 531 2374 cemsuam.
871 2349 874 2354 -
915 2307 916 2310 ’
985 2308 1088 2376 Lucas
1111 2308 1260 2388 insinuat,
1287 2327 1346 2374 nec
1369 2318 1446 2372 tunc
1471 2323 1570 2371 ausa
1659 2333 1660 2400 3

389 2403 422 2478 ri.
446 2397 598 2487 Expandi
614 2421 737 2466 manus.
983 2401 1120 2468 Domino
1144 2410 1284 2479 vocatos,
1301 2398 1356 2465 sed
1374 2407 1496 2464 mutum
1514 2397 1572 2463 Pe·
1659 2401 1660 2428 ³

460 2492 504 2557 lN
519 2491 576 2560 ill.
593 2493 816 2562 NOCTURNO
985 2503 1034 2560 tro
1061 2493 1156 2560 luisse
1181 2491 1389 2582 praedictum,
1402 2489 1490 2582 quod
1515 2488 1572 2555 ho·
1623 2575 1626 2582 Ι
1659 2529 1660 2552 r

391 2585 497 2652 Lectio
521 2587 552 2652 S.
581 2587 742 2676 Evangelii
755 2585 936 2654 secundum
983 2587 1084 2653 mines
1107 2596 1191 2653 esset
1214 2596 1376 2676 capturus:
1393 2583 1482 2674 quod
1506 2603 1571 2648 non

368 2677 569 2746 Matthaeum.
618 2693 621 2697 ’
978 2680 1027 2744 ita
1051 2677 1172 2746 dictum
1196 2689 1255 2758 est,
1272 2678 1364 2770 quasi
1386 2679 1451 2767 jam
1468 2676 1571 2768 pisces

473 2775 554 2842 Lect.
582 2793 635 2839 vu.
729 2775 796 2863 Cep
831 2774 867 2840 l.
982 2793 1148 2861 nunquam
1179 2783 1263 2840 esset
1296 2782 1458 2863 capturus:
1499 2789 1572 2836 nam

346 2815 405 2930 ln
427 2863 480 2931 ilo
503 2876 655 2957 tempore:
683 2866 857 2937 ambulans
881 2869 935 2934 le·
981 2875 1107 2956 etpost
1148 2866 1411 2934 resurrectionem
1445 2862 1571 2930 Domini

344 2977 402 3024 sus
420 2958 512 3047 juxta
550 2981 637 3027 mare
675 2959 826 3044 Galilaea,
860 2959 941 3049 uidit
987 2959 1122 3048 legimus
1161 2979 1231 3026 esse
1265 2960 1411 3050 piscatos.
1447 2957 1572 3024 Dictum

345 3048 429 3118 duos
453 3052 575 3135 iratres,
600 3055 771 3134 Simonem,
799 3057 857 3144 qui
880 3074 938 3120 vo·
986 3063 1034 3120 est
1056 3072 1143 3140 ergo,
1169 3051 1257 3141 quod
1282 3051 1433 3142 deinceps
1460 3059 1572 3139 captu·

342 3147 579 3228 caturPetrus,
603 3157 635 3214 et
675 3145 835 3215 Andream
873 3147 938 3214 lra-
985 3167 1040 3212 rus
1065 3143 1324 3212 essethomines:
1349 3163 1412 3210 nou
1452 3141 1570 3210 dictum

346 3246 426 3306 trem
450 3240 531 3327 ejus,
549 3239 706 3308 mittentes
721 3250 787 3308 rete
803 3242 833 3308 in
846 3262 942 3310 mare.
991 3248 1049 3319 est,
1073 3236 1162 3329 quod
1181 3240 1248 3327 jam
1272 3257 1337 3306 non
1360 3244 1443 3303 esset
1466 3247 1577 3327 captu-

369 3332 409 3399 Εἰ
424 3333 555 3423 reliqua.
868 3359 871 3366 ·
988 3353 1045 3400 rus
1068 3335 1181 3423 pisces.

391 3426 728 3495 llomiliavenerabilis
744 3427 934 3496 lledaePre·
1028 3429 1061 3503 ti.
1085 3424 1209 3493 Videas.

346 3514 475 3612 sbyteri.
499 3522 554 3588 Ee
580 3523 747 3590 Commeat.
773 3523 808 3589 in
832 3523 934 3590 Marc.
1202 3517 1284 3584 Loci.
1307 3535 1354 3584 rx.
1591 3549 1602 3645 p

346 3611 401 3679 lib.
429 3614 532 3702 lcap.
555 3615 587 3679 d.
983 3562 1104 3678 Unde
1127 3609 1308 3678 secundum
1332 3610 1454 3676 Lucam
1482 3606 1574 3676 datur

985 3705 1144 3794 intelligi,
1168 3723 1225 3770 eos
1263 3703 1305 3770 ad
1328 3713 1492 3793 capturam
1526 3652 1600 3805 pii

348 3753 425 3866 lsai
448 3799 542 3890 primi
566 3800 669 3867 vocati
694 3809 779 3881 sunt,
804 3809 841 3866 ut
873 3800 938 3868 Do·
987 3797 1088 3868 scium
1113 3819 1152 3866 cx
1169 3817 1257 3864 more
1272 3817 1439 3876 remeasse,
1457 3807 1493 3861 ut
1515 3808 1600 3895 pop

348 3897 472 3961 minum
514 3904 733 3984 sequerentur.
768 3892 943 3962 Piscatores
990 3905 1056 3961 stea
1081 3891 1170 3960 lieret
1193 3889 1281 3980 quod
1323 3889 1517 3968 Matthaeus,
1539 3899 1598 3993 etp

348 3996 380 4054 et
412 3988 543 4056 illiterati
583 3991 751 4056 mittuntur
778 3986 818 4054 ad
846 4010 938 4078 prae·
984 3987 1110 4054 Marcus
1133 3996 1272 4062 narrant,
1298 3982 1429 4092 quando
1453 3979 1597 4057 anabi-a

350 4078 547 4164 dicandum,
571 4103 613 4150 ne
635 4081 716 4150 fides
739 4078 937 4148 credentium
985 4100 1044 4147 nos
1068 4081 1222 4158 vocavit,
1246 4089 1278 4145 et
1306 4097 1374 4168 ipse
1392 4075 1510 4166 jussit,
1535 4068 1596 4150 ut}

350 4175 463 4242 nonin
480 4177 597 4246 virtuto
613 4175 681 4258 Dei,
700 4173 757 4244 sed
780 4173 937 4264 eloquen·
983 4193 1058 4241 eum
1075 4182 1297 4263 sequerentur,
1315 4171 1421 4263 primo
1432 4164 1569 4247 duobus,
1592 4158 1596 4203 ¹

354 4265 424 4346 ¹5²,
454 4277 551 4359 alque
588 4269 731 4340 doctrina
765 4277 938 4360 putaretur.
987 4267 1079 4337 Petro
1102 4277 1135 4336 et
1158 4263 1303 4335 Andreae
1322 4315 1331 4346 ,
1353 4259 1471 4332 deinde
1492 4258 1572 4326 duo-
