3584 5034
210 690 216 718 .
336 618 406 686 tes
601 675 612 690 ,
683 638 690 650 ·
766 574 1134 692 sssraaoousrr·
1468 703 1471 710 ,
1607 711 1611 722 Ι

241 725 247 736 ’
377 718 502 830 smmis
524 725 555 799 0
577 729 696 800 Doctor
718 733 848 844 optime.
971 733 1067 802 vitam
1092 725 1206 822 agebat
1228 733 1263 802 in
1286 729 1388 816 terris,
1409 728 1450 800 ab
1473 734 1560 808 omni

578 823 697 896 Oratio.
967 824 1162 893 caducarum
1187 849 1294 895 rerum
1330 836 1474 908 cernet
1492 847 1560 902 cu·
1619 841 1625 852 ·

233 972 243 994 ,
331 865 448 1006 neus
470 916 526 1007 qui
551 917 745 1008 populetuo
768 929 915 987 aeternae
964 918 1097 1010 piditate
1121 920 1267 988 alienam.
1296 917 1332 994 ⁸,
1367 995 1369 1000 ,
1479 927 1481 932 ’

330 1007 442 1076 salutis
477 1009 604 1078 beatum
641 1011 832 1078 Bernardum
858 1012 917 1077 mi·
1012 1014 1045 1088 sl.
1069 1012 1245 1081 Honestum
1270 1012 1351 1081 lecit.

329 1101 622 1173 nistrum'tdbuisti:
640 1116 764 1196 praesta
779 1125 918 1194 quaesu-
1187 1104 1292 1175 Lectio
1322 1124 1350 1171 v.
1431 1131 1432 1136 ¹

329 1181 423 1280 mus,
438 1205 482 1277 ut,
515 1216 611 1284 quem
646 1196 808 1265 doctorem
833 1197 915 1265 vitae
967 1149 1152 1288 Elucebat
1173 1202 1206 1266 in
1230 1219 1269 1265 eo
1310 1197 1479 1279 humilitas,
1501 1195 1587 1264 mi·'

327 1285 498 1364 habuimus
515 1289 663 1371 interris,
679 1293 919 1357 intercessorem
965 1289 1147 1372 sericordia,
1163 1290 1346 1379 benignitas:
1363 1290 1571 1382 contempla·
1591 1337 1605 1378 ⁶·

326 1379 444 1448 habere
467 1403 645 1451 mereamur
668 1383 698 1450 in
723 1382 830 1451 coelis.
856 1383 918 1455 Per,
962 1379 1168 1452 tinnientem
1186 1385 1231 1452 sic
1248 1383 1394 1452 addictus
1412 1394 1488 1463 erat,
1522 1393 1559 1450 ut

328 1473 508 1541 Dominum.
966 1477 1019 1544 vix
1042 1477 1198 1558 sensibus,
1224 1477 1284 1544 nisi
1305 1473 1344 1543 ad
1362 1475 1466 1544 officia
1489 1475 1555 1567 pie·

349 1613 357 1647 ,
454 1568 498 1635 uv
520 1566 547 1633 1.
571 1537 793 1636 uocrdmn
882 1618 885 1641 ἶ
961 1571 1207 1642 tatemerem:
1230 1571 1264 1637 tn
1306 1569 1426 1659 quibus
1451 1580 1578 1636 tamen·

397 1661 490 1729 -Lecn
518 1660 555 1727 dc
587 1659 696 1748 script.
721 1682 839 1729 nccurr.
963 1661 1258 1754 prudentiae'laude
1285 1661 1554 1755 excellebatouo

441 1752 486 1821 ΙΝ
510 1751 550 1821 ll.
575 1753 797 1823 NOCTURNO
959 1755 992 1822 in
1015 1756 1123 1823 studio
1136 1767 1323 1846 occupatus,
1341 1754 1554 1835 Genuensem,

494 1877 498 1885 ·
546 1844 651 1915 Lectio
674 1866 715 1912 rv.
964 1868 1003 1914 ac
1019 1847 1294 1926 Mediolanensem,
1311 1845 1455 1934 aliosque
1479 1847 1554 1938 Epi·

283 2013 289 2025 ,
327 1891 915 2028 Bemardus,FontanisinBurgun·
962 1951 1112 2031 scopatus
1136 1938 1260 2007 oblatos
1284 1939 1451 2018 recusavit,
1476 1960 1554 2028 pro·
1596 1957 1601 1970 ⁴

325 2028 379 2100 dia
401 2029 536 2117 ‚ltonesto
569 2033 642 2100 loco
676 2043 779 2114 natus,
805 2031 913 2102 adole·
961 2029 1063 2100 sessus
1102 2054 1137 2100 se
1168 2031 1243 2099 tanti
1282 2029 1380 2099 officii
1419 2051 1552 2098 munere

253 2154 260 2170 ·
325 2144 419 2193 scens
442 2136 572 2216 propter
593 2126 751 2213 egregiam
783 2125 916 2192 lormam
963 2125 1130 2214 indignum
1168 2147 1248 2194 esse.
1290 2123 1397 2191 Abbas
1449 2121 1554 2191 iactus

301 2215 529 2285 ·rehementer
548 2217 723 2284 solicitatus
738 2239 757 2284 a
773 2217 914 2286 mulieri-
963 2218 1213 2299 Claravallensis,
1253 2213 1360 2286 multis
1399 2218 1431 2282 in
1470 2215 1552 2284 locis

326 2307 411 2389 bus,
435 2330 599 2398 uunquam
624 2308 665 2376 de
682 2309 835 2378 sententia
856 2332 913 2381 co·
959 2311 1140 2381 aedificavit
1156 2311 1354 2390 monasteria,
1379 2309 1409 2376 in
1433 2307 1552 2396 quibus
1661 2347 1662 2382 l

193 2396 200 2411 '
325 2400 439 2470 lendan
461 2402 610 2470 castitatis
628 2399 784 2471 dimoveri
801 2407 913 2495 potnit·
960 2405 1123 2494 praeclara
1148 2404 1297 2472 Bernerdi
1328 2403 1488 2482 institutio,
1514 2422 1552 2470 ao

324 2495 413 2575 Quas
436 2491 553 2563 diaboli
570 2497 754 2565 tentationes
778 2508 814 2565 ut
835 2496 916 2566 effu·
961 2496 1126 2588 disciplina
1142 2495 1197 2564 diu
1216 2497 1324 2584 viguit.
1342 2497 1459 2564 Romae
1477 2516 1550 2562 sau-

258 2612 264 2620 ·
324 2597 423 2677 geret,
448 2585 515 2657 duo
530 2598 562 2658 et
576 2589 684 2678 viginti
705 2611 807 2659 anuos
823 2603 916 2659 natus
962 2601 1087 2658 crorum
1126 2589 1289 2669 vincentii,
1330 2598 1362 2656 et
1399 2586 1554 2654 anastasii

294 2755 297 2760 ,
326 2683 551 2752 monasterium
575 2681 793 2765 cisterciense,
830 2682 922 2752 unde
955 2682 1152 2756 :monasterio
1175 2682 1216 2750 ab
1232 2681 1416 2750 innocentio
1439 2697 1554 2748 secun·

309 2772 378 2844 'hic
402 2773 491 2844 Ordo
514 2775 640 2867 incepit,
666 2787 698 2844 et
728 2773 816 2866 quod
850 2786 920 2848 tum
967 2773 1011 2843 do
1038 2775 1121 2866 Papa
1145 2777 1287 2844 restituto
1317 2773 1468 2866 praeierit
1490 2769 1555 2839 Ab·
1660 2819 1661 2824 η

326 2869 492 2937 sanctitate
519 2865 660 2950 lloreliat,
696 2867 816 2958 ingredi
838 2890 917 2938 con·
964 2866 1070 2937 batem
1094 2867 1196 2950 illum,
1220 2871 1280 2960 qui
1317 2877 1428 2959 postea
1450 2865 1562 2954 Euger',

326 2959 435 3026 stituit.
449 2961 523 3040 Quo
538 2959 691 3028 Bernerdi
706 2961 840 3029 dorrsilio
863 2982 919 3031 co·
966 2964 1040 3030 nius
1070 2962 1181 3032 tertius
1220 2963 1372 3030 Summus
1411 2947 1556 3046 Pontiie'x
1621 3045 1625 3054 ·

325 3051 423 3141 guito,
448 3051 561 3118 iratres
582 3072 787 3143 summopere
809 3056 914 3123 conati
963 3054 1032 3133 luit,
1058 3055 1097 3120 ad
1122 3077 1219 3144 quem
1244 3055 1337 3123 etiam
1361 3050 1477 3144 librum
1495 3052 1561 3117 mi·-

328 3154 404 3211 sunt
426 3163 500 3212 eum
517 3164 537 3212 a
554 3147 718 3236 proposito
746 3145 916 3214 deterrere:
964 3149 1005 3215 sit
1030 3145 1071 3218 de
1094 3145 1362 3215 consideratione.
1659 3151 1660 3159 ’

325 3237 357 3304 in
381 3257 448 3328 quo
463 3239 533 3329 ipse
557 3235 768 3328 eloquentior,
791 3248 823 3307 et
846 3237 915 3306 leli·
1010 3240 1042 3316 ιζ.
1068 3240 1193 3308 Amavit
1214 3262 1299 3308 eum.

324 3329 481 3398 cinriuit.
506 3330 586 3397 Nam
610 3330 913 3422 sescentosque
957 3409 964 3422 ,
1073 3367 1079 3382 ·
1184 3330 1356 3416 Lentim

323 3421 441 3490 multos
465 3424 605 3491 insuam
618 3417 768 3518 perduxit
788 3435 915 3493 senten·
963 3376 1098 3492 Multa
1135 3435 1298 3516 praeterea
1337 3418 1474 3512 scripsit,
1522 3421 1553 3488 in

325 3513 418 3596 tiam,
444 3518 761 3608 utcumentriginta
778 3518 915 3606 juvenes
963 3511 1081 3608 quibus
1124 3528 1255 3608 apparet
1293 3538 1368 3584 eum
1408 3512 1553 3581 doctriua

323 3607 467 3676 eamdem
493 3608 676 3697 religionem
707 3613 940 3701 susceperint..
964 3611 1071 3702 potius
1102 3607 1252 3678 divinitus
1291 3608 1415 3688 tradita,
1454 3627 1551 3698 quam
1608 3649 1617 3662 ·

323 3700 498 3779 Monachus
532 3702 654 3791 jejunio
692 3705 738 3771 ita
787 3703 914 3772 deditus
959 3701 1085 3772 labore·
1124 3699 1321 3794 comparata,
1364 3703 1552 3770 instructum

282 3800 286 3808 '
325 3804 403 3875 erat,
427 3806 464 3868 ut
500 3796 627 3884 quoties
662 3794 841 3864 sumendus
863 3818 913 3866 es·
962 3795 1069 3865 inisse.
1093 3796 1129 3863 ln
1154 3817 1280 3892 summa
1304 3797 1457 3863 virtutum
1482 3791 1551 3860 lau·
1657 3805 1658 3825 ¹

300 3898 374 3975 'set
395 3887 498 3969 cibus,
526 3884 619 3958 toties
641 3898 834 3957 tormentum
861 3911 917 3958 su·
964 3887 1005 3958 de
1036 3899 1184 3960 exoratus
1207 3909 1226 3956 a
1249 3887 1394 3958 maximis
1436 3884 1552 3954 Princi-

326 3978 396 4050 birs
419 3980 591 4056 videretur.
616 3982 786 4072 invigiliis
808 3983 913 4065 etiam,
963 3981 1059 4073 pibus
1099 3979 1140 4050 de
1170 4001 1282 4050 eorum
1320 3977 1551 4072 componendis
1656 4029 1657 4054 ,

326 4083 358 4139 et
383 4074 581 4142 orationibus
604 4074 738 4143 mirifice
770 4097 806 4143 se
828 4096 919 4144 exer·
968 4074 1202 4153 controversiis,
1219 4087 1252 4144 et
1274 4075 1314 4144 de
1331 4071 1552 4143 ecclesiasticis

284 4161 287 4167 ’
326 4162 486 4246 nebat,·et
521 4166 721 4236 christianam
750 4177 920 4260 pauperta-
965 4166 1062 4236 rebus
1086 4169 1324 4248 constituendis,
1365 4165 1495 4254 saepius
1520 4163 1552 4232 in
1612 4237 1618 4248 ,

186 4308 192 4321 .
303 4264 423 4324 ⁸tatem
438 4316 444 4329 .
459 4258 579 4342 nolens,
618 4262 710 4354 quasi
750 4261 921 4332 coelestem
965 4259 1087 4332 ltaliam
1110 4263 1205 4332 venit.
1229 4258 1448 4331 Innocentium
1474 4256 1552 4328 item
