3584 5034
306 539 350 606 ld
540 623 552 631 g
732 531 1101 606 resurrectionen
1140 590 1142 597 .

304 643 520 717 Jerusalem*
550 649 587 715 iu
599 646 794 717 ablutionem
815 667 892 739 pec·
937 643 1134 714 beatissima·
1158 641 1258 734 ipsius
1279 644 1377 730 sacri
1416 643 1527 712 lateris

304 742 429 828 catoris,
455 748 487 812 et
509 750 729 816 menstruatae.
786 789 789 794 -
873 765 875 770 ’
939 750 1098 830 apertura,
1138 734 1225 804 unde
1266 733 1360 802 nobis
1397 744 1453 819 tot,
1494 748 1532 805 et
1562 786 1566 796 ,

348 833 378 900 l.
393 835 453 902 llic
464 843 512 918 est
528 837 585 926 qui
597 839 683 908 venit
693 856 750 926 per
759 855 889 924 aquarn,
938 841 1022 898 tanta
1045 828 1319 920 diviuaepietatis
1343 826 1427 896 dona
1459 827 1528 896 ilu·
1624 858 1626 861 ·

303 940 335 996 et
349 928 535 1016 sanguinem
559 931 651 996 lesus
674 929 827 996 Christus.
851 928 889 996 ln
934 933 1050 992 xerunt
1073 926 1080 992 l
1106 926 1135 991 Ο
1160 923 1234 990 felix
1267 924 1401 1004 Lancea,
1440 945 1526 1014 quaa

302 1019 505 1092 ablutionem.
524 1019 640 1090 Gloria.
664 1023 710 1088 ln.
797 1071 799 1078 .
943 1027 989 1087 tot
1011 1016 1095 1085 bona
1118 1015 1212 1085 nohis
1240 1014 1377 1096 efficere,
1419 1026 1451 1084 et
1487 1015 1531 1084 ad

415 1113 458 1182 IN
482 1113 778 1187 lenocinatio
883 1165 886 1170 .
940 1112 1021 1178 tanti
1049 1109 1204 1203 triumphi
1241 1110 1376 1200 gloriam
1416 1111 1533 1178 meruit

346 1206 471 1296 Antt'plu
483 1209 647 1298 aspicient
661 1208 703 1276 ad
720 1227 780 1286 me,
793 1226 891 1295 quem
939 1203 1110 1295 superaddi
1128 1205 1135 1270 i
1191 1226 1195 1234 ·

239 1371 241 1374 ,
304 1298 513 1383 confixerunt,
524 1311 556 1370 et
566 1298 897 1394 plangenteumplan-
989 1302 1022 1378 ri.
1046 1297 1105 1366 llic
1142 1308 1193 1365 'est
1240 1297 1298 1386 qui
1345 1297 1432 1364 venit
1474 1318 1533 1388 peu·

306 1403 359 1460 ctu
373 1396 467 1483 quasi
489 1416 588 1486 super
611 1395 818 1482 unigenitum.
935 1410 1066 1480 aquam,
1083 1400 1115 1460 et
1129 1393 1315 1480 sanguinem
1333 1390 1530 1458 lesus-Chri

348 1487 481 1556 Psalmi.
494 1487 573 1554 Cum
586 1489 775 1555 invocarem.
789 1484 893 1552 Verba
939 1496 1031 1566 stuS,
1056 1482 1079 1527 *
1120 1485 1192 1552 Nou
1229 1487 1263 1551 in
1303 1505 1387 1573 aqua
1411 1483 1528 1565 solum,

291 1580 383 1648 'nea
406 1581 540 1649 Domine
556 1581 710 1650 Dominus
721 1589 841 1646 noster:
942 1575 1000 1644 sed
1022 1579 1056 1643 iu
1079 1599 1174 1667 aqua,
1199 1587 1230 1644 et
1245 1577 1409 1664 sanguine.

355 1677 393 1742 Ut
417 1671 451 1740 t'n
476 1675 516 1740 ΙΙ.
541 1674 628 1744 Nocl.
651 1674 689 1742 dc
719 1670 896 1740 Inventione
988 1669 1018 1734 i.
1042 1671 1118 1738 Tres
1141 1679 1216 1738 sunt
1239 1669 1294 1758 qui
1316 1671 1537 1746 testimonium,

291 1767 339 1833 ,S.
368 1766 492 1846 Crucis,
515 1777 548 1834 ut
572 1766 607 1833 r'n
631 1763 824 1856 Bactriano,
940 1760 1026 1829 daut
1040 1764 1074 1828 in
1099 1773 1190 1831 terra:
1215 1763 1355 1852 spiritus,
1379 1783 1475 1851 aqua,
1500 1773 1533 1832 et

349 1858 474 1948 Antrplr.
491 1858 577 1940 Quid
593 1870 669 1928 sunt
683 1859 795 1952 plagae
810 1861 890 1926 istae
939 1859 1080 1944 sanguis,
1104 1867 1135 1924 et
1159 1856 1194 1923 hi
1221 1865 1284 1937 tres
1316 1875 1417 1921 unum
1448 1867 1531 1922 suut

305 1953 338 2019 in
363 1953 470 2020 medio
496 1975 650 2034 manuum
673 1951 841 2019 tuarum?
941 1947 1012 2016 Nou
1040 1952 1074 2017 in
1091 1970 1185 2039 aqua.

351 2044 559 2135 aeripedis
584 2045 728 2136 plagatus
757 2067 829 2112 sum
859 2045 894 2112 iu
1192 2043 1267 2112 Lect
1293 2063 1324 2111 v.

305 2135 402 2208 domo
430 2161 552 2219 eorum,
568 2141 627 2229 qui
642 2136 816 2226 diligebant
832 2159 893 2206 ma.
941 2092 1063 2206 naec
1089 2136 1172 2204 latus
1197 2139 1305 2227 ipsum
1349 2131 1534 2227 aperiendo,

353 2230 383 2296 n.
406 2231 479 2321 Ipse
503 2231 686 2301 vulneratus
703 2240 751 2306 cst
764 2240 895 2324 propter
940 2232 1170 2302 sacratissimas
1188 2231 1305 2318 januas
1328 2229 1421 2297 nobis
1445 2228 1536 2318 regni

307 2325 491 2408 iniquitates
507 2335 639 2392 nostras.
941 2327 1090 2397 coelestis
1102 2323 1323 2414 aperuitllaec
1338 2319 1536 2390 vulnerando

354 2429 387 2501 ri·
412 2417 544 2488 atratus
559 2427 608 2486 est
623 2428 753 2511 propter
776 2417 899 2488 scelera
939 2421 1008 2510 jam
1042 2428 1215 2497 mortuum,
1255 2415 1388 2481 vulnera
1427 2423 1536 2479 nostra

306 2521 422 2578 nostra.
944 2513 1078 2589 sanavit,
1101 2508 1263 2597 vitamque
1278 2506 1371 2573 nobis
1386 2504 1536 2582 reddidit,

368 2606 479 2674 Smmo
504 2605 682 2672 innocentii
707 2605 765 2673 PP.
781 2605 833 2675 vl.
943 2615 976 2673 et
1000 2603 1144 2672 salutem.
1160 2602 1247 2667 Haec
1263 2601 1537 2666 innoxiumtrans-

348 2696 392 2766 ln
415 2700 533 2768 decreto
557 2699 594 2766 de
619 2701 710 2769 Festo
742 2701 892 2780 Loneece,
942 2695 1098 2786 ligando,
1122 2692 1208 2760 illius
1230 2693 1386 2782 sanguine
1423 2690 1539 2782 culpas
1661 2682 1664 2719 ²

308 2804 337 2862 et
363 2792 533 2862 Cianorum
556 2791 699 2860 Domini.
947 2785 1246 2868 nostras-abstersit
1262 2795 1295 2856 et
1309 2785 1439 2855 demum
1454 2786 1541 2875 ejus-

502 2945 505 2956 .
541 2884 623 2954 Lect.
646 2905 687 2951 rr.
892 2943 895 2953 .
949 2883 1021 2954 dem
1045 2881 1268 2952 sacratissimis
1290 2879 1387 2948 undis
1402 2879 1542 2968 irrigata,

309 2927 367 3042 ln
389 2973 609 3064 Redemptoris
633 2979 734 3043 nostri
771 2978 900 3046 Domini
946 2972 1541 3066 caecitatisnostruetenebrassustulit,

310 3069 386 3138 lesu
410 3067 526 3135 Christi
542 3071 754 3136 sacratissima
777 3071 902 3140 Passio·
948 3081 982 3136 et
1005 3090 1064 3137 uos
1102 3069 1205 3157 ipsius
1244 3066 1372 3134 diuinae
1414 3065 1541 3154 pietatis

310 3182 351 3230 ne
375 3163 426 3230 sic
439 3181 500 3230 nos
524 3159 653 3250 gloriari
687 3169 822 3252 oportet,
865 3173 901 3230 ut
948 3159 1058 3229 iluviis
1069 3158 1305 3228 mundavitllli
1316 3160 1415 3240 etiam
1427 3156 1541 3223 dulces

309 3257 414 3344 ipsius
444 3255 603 3323 Passionis
614 3264 730 3324 cuncta
745 3256 899 3347 mysteria
946 3252 1199 3343 Clavi,quibusi
1271 3251 1419 3320 Salvator
1432 3247 1541 3318 eidem

311 3347 557 3430 dinumerantes,
579 3359 612 3419 et
627 3349 749 3429 merita,
766 3347 904 3436 singulis
949 3350 1041 3416 cruci
1060 3346 1126 3414 'init
1163 3367 1183 3414 a
1218 3368 1279 3414 xus
1317 3343 1441 3435 quique
1474 3361 1542 3410 non

310 3443 407 3509 etiam
423 3442 493 3531 ejus
504 3442 698 3511 salutaribus
713 3444 905 3510 instrumeu·
952 3441 1058 3512 solum
1083 3439 1287 3508 immaculato
1301 3439 1445 3529 respergi
1467 3457 1541 3504 sau·
1662 3452 1663 3471 ¹

310 3536 352 3604 tis
375 3535 561 3624 gloriemur.
584 3535 671 3604 inter
694 3555 779 3624 quae
818 3533 903 3603 illud
948 3536 1055 3624 guine,
1078 3543 1112 3602 et
1134 3532 1252 3602 molem
1267 3532 1350 3601 lerre
1364 3533 1445 3599 tanti
1458 3549 1542 3622 pou·

312 3629 479 3708 celebriter
538 3627 781 3697 memorandum
842 3635 902 3711 ast,
948 3627 1034 3696 deris
1067 3636 1275 3709 meruerunt,
1312 3625 1372 3695 sed
1411 3634 1444 3693 et
1474 3642 1541 3692 nos

313 3721 402 3813 quod
426 3724 495 3814 ipse
533 3721 687 3803 Salvator,
710 3723 829 3800 emisso
869 3723 904 3792 iu
949 3723 1045 3790 etiam
1085 3741 1142 3812 per
1180 3720 1324 3810 ipsorum
1361 3717 1542 3788 salutiferas

315 3831 412 3887 cruce
451 3817 520 3907 jam
559 3816 695 3905 spiritu,
745 3816 902 3883 sustinuit
946 3813 1056 3906 plagas
1079 3812 1282 3884 dulcedinem
1305 3823 1424 3883 mutam
1439 3811 1541 3903 ipsius

314 3910 470 4001 perforari
494 3911 616 3978 Lancea
632 3909 715 3976 latus
729 3930 836 3990 suum,
852 3919 901 3991 ut,
946 3894 1081 3978 divinae‘
1100 3906 1259 3975 charitatis
1277 3908 1477 3999 accepimus,
1501 3907 1540 3968 ut

316 4002 390 4070 iude
413 4005 588 4092 sanguinis,
614 4012 646 4069 et
661 4022 765 4092 aquae
780 3999 903 4095 produ·
949 4023 1064 4069 manus
1087 4011 1213 4068 nostrae
1235 4003 1394 4093 apeorati
1416 3995 1541 4065 solutae

315 4095 443 4165 cutibus
466 4096 571 4177 undis,
597 4093 786 4164 formaretur
807 4096 905 4163 unica
949 4095 1095 4171 nexibus,
1118 4092 1283 4185 pedesque
1305 4092 1406 4163 nostri
1420 4107 1540 4157 amor·
1662 4102 1663 4109 ’

316 4198 348 4256 et
373 4189 582 4270 immaculata,
606 4209 644 4256 ac
666 4191 757 4279 virgo
795 4198 905 4258 sancta
950 4189 990 4256 tis
1014 4189 1138 4278 laqueis
1162 4186 1279 4256 inerint
1301 4184 1435 4268 liberati,
1464 4191 1542 4253 sunt

318 4293 418 4350 mater
442 4283 583 4352 Ecclesia
612 4303 731 4374 sponsa
768 4302 836 4351 sua.
875 4283 905 4353 0
945 4280 1157 4380 ‘devotissime
1180 4280 1349 4352 recolendi.
1537 4280 1545 4288 '
