3584 5034
715 639 859 713 rnsrn
881 634 1059 715 nooostr
1087 592 1092 602 ’
1430 597 1511 715 lus

282 764 424 829 sanctam
470 753 637 849 llartyrem
689 756 871 848 percrebuit
893 755 986 846 ,Hoc
1007 755 1129 845 quippe
1152 748 1289 835 homine,
1313 755 1351 822 ris
1384 758 1508 847 tempo-

281 845 869 945 praesertimobsigna,quaeejusdem
916 846 1007 915 ribus
1030 846 1171 915 Ecclesia
1196 843 1462 938 indigebat,‡qui,
1479 860 1511 920 et

239 978 243 986 ·
285 940 443 1035 praesidio
470 945 641 1009 accessisse
659 941 801 1031 undique
827 942 873 1011 le·
921 962 972 1008 res
1012 939 1129 1007 arduas
1168 939 1329 1007 iaciendas
1368 943 1511 1012 animose

284 1035 660 1105 -rehantunllinclactum
675 1046 723 1103 est
737 1047 772 1103 ut
784 1036 872 1103 com·
919 1037 1105 1123 susciperet,
1129 1043 1161 1100 et
1184 1044 1348 1123 susceptas
1364 1032 1404 1099 ad
1422 1046 1511 1127 opta·

283 1131 425 1221 plurium
445 1129 635 1210 antistitum,
652 1128 876 1218 cultoremque
923 1138 991 1194 tum
1015 1125 1110 1193 finem
1133 1136 1261 1194 strenue
1288 1124 1486 1217 perduceret.

284 1223 428 1314 Martyris
458 1221 724 1311 postulationibus
745 1242 871 1312 permo-
965 1226 996 1302 [ζ.
1021 1220 1131 1287 Inveni
1157 1217 1267 1286 David.

284 1326 336 1383 tus
368 1316 538 1403 Gregorius
569 1316 717 1383 Decimus
759 1316 872 1381 Sextus
960 1358 976 1410 ἶ
1188 1315 1270 1381 Lect.
1293 1329 1323 1379 r.
1458 1395 1463 1407 „

284 1408 428 1475 Pontilex
460 1408 626 1499 Maximus,
656 1410 803 1475 universa
828 1407 871 1475 rei
918 1359 1014 1485 'Lbi
1038 1427 1221 1497 supremum
1249 1403 1408 1474 Pontificio
1442 1428 1513 1476 mu·

283 1502 406 1572 ratione
422 1511 543 1568 mature
587 1522 730 1592 erpensa,
755 1500 869 1567 lestum
917 1520 979 1566 nus
1003 1501 1079 1579 iniit,
1098 1502 1198 1566 totum'
1215 1500 1281 1567 lerc
1303 1498 1510 1568 christianum

279 1588 423 1682 ejusdem
441 1614 515 1661 cum
532 1524 651 1674 officio,
672 1602 703 1660 et
730 1594 824 1660 missa
840 1594 872 1659 in
922 1591 1030 1686 orbern
1055 1591 1116 1660 sub
1130 1592 1269 1682 ‘regibus
1287 1592 1439 1674 barbaris,
1459 1594 1508 1662 vel

278 1697 453 1754 memorata
478 1688 597 1759 Nolana
639 1686 804 1767 Dioecesi,
837 1695 868 1752 et
916 1685 1081 1753 haereticis
1105 1690 1281 1775 gementem
1314 1687 1443 1768 invenit,
1479 1697 1511 1756 et

278 1779 353 1847 alibi
372 1778 529 1867 agendum
547 1780 682 1867 benigne
695 1778 869 1870 permiserit
917 1778 1101 1848 distractam
1127 1780 1157 1846 in
1182 1792 1288 1870 partes
1326 1780 1510 1849 Ecclesiam.

280 1936 282 1939 .
326 1872 540 1943 Lectr'ones'V.
559 1884 586 1942 et
624 1873 672 1941 VI.
692 1894 768 1961 quoe
801 1882 871 1941 scnt
919 1869 980 1937 Sed
1006 1882 1079 1939 octo
1110 1893 1265 1939 annornm
1305 1874 1417 1963 spatio,
1460 1876 1511 1940 vir

277 1966 298 2033 Ι
303 1967 335 2035 V.
352 1977 380 2034 et
404 1966 437 2031 V.
453 1968 489 2033 de
508 1965 674 2036 Communi
687 1966 711 2031 l.
725 1965 800 2033 loco.
827 1990 829 1996 ·
919 1964 1014 2054 plane
1037 1965 1105 2031 Deo
1129 1965 1253 2055 plenus,
1270 1969 1401 2056 perenni
1418 1980 1507 2047 cura,

380 2058 422 2123 IN
454 2057 510 2126 Ill.
541 2058 763 2128 NOCTURNO
915 2077 954 2123 ac
979 2056 1063 2125 lelici
1087 2056 1231 2123 laborum
1256 2078 1388 2125 suorum
1413 2081 1510 2127 even-

263 2168 267 2172 ’
348 2151 431 2218 Lect.
462 2152 499 2219 de
531 2174 639 2220 comm.
672 2153 697 2219 Ι.
725 2150 789 2219 loco
916 2158 962 2230 tu,
987 2171 1026 2218 eo
1050 2172 1115 2217 rem
1139 2149 1282 2230 adduxit,
1307 2162 1342 2219 ut
1365 2152 1510 2219 Orienta-

331 2320 335 2328 Ι
379 2326 381 2331 ,
551 2286 592 2297 .-
729 2240 730 2245 ’
854 2298 857 2304 .
918 2241 966 2310 les
990 2243 1148 2311 Ecclesiae
1162 2242 1385 2331 aboctoginta
1418 2245 1510 2312 circi-

339 2362 340 2365 *
450 2330 453 2337 ’
502 2336 571 2403 Dlll
601 2339 650 2405 ta.
916 2344 964 2402 ter
986 2338 1076 2404 annis
1111 2335 1205 2421 foedo
1228 2337 1397 2405 schismate
1418 2340 1513 2429 'sepa-

370 2428 402 2496 S.
425 2430 611 2497 Horursnnn
644 2432 697 2497 Pr.
733 2428 771 2498 (3.-
916 2439 1015 2510 ratae,
1033 2428 1214 2518 subscripto
1231 2430 1350 2510 libello,
1367 2433 1511 2520 quernis

281 2522 283 2525 ’
519 2524 636 2615 duplam
918 2542 979 2611 per
1001 2542 1079 2588 suos
1102 2521 1222 2607 legatos
1246 2524 1381 2598 miserat.
1406 2522 1447 2589 ad
1471 2547 1511 2591 u·

328 2616 418 2682 Omn.
436 2616 473 2683 de
490 2640 597 2685 eornm.
617 2620 650 2687 0.
672 2618 759 2685 Pont.
772 2635 868 2704 proa-
917 2617 1044 2679 nitatem
1071 2612 1230 2693 redierint
1254 2625 1285 2694 et
1309 2615 1436 2683 Alricae
1460 2618 1511 2685 sui

279 2716 326 2773 ter
359 2709 524 2801 sapientia,
549 2721 687 2779 mutator
720 2729 801 2777 cers.
833 2706 868 2773 in
916 2706 1074 2797 Episcopi,
1087 2726 1169 2795 qnos
1186 2706 1215 2771 in
1233 2705 1409 2773 Sardiniam
1425 2708 1510 2775 Vau-

278 2798 379 2887 hymn.
398 2801 516 2869 Oratio.
533 2803 578 2868 Da
594 2822 792 2891 quaesumus
808 2810 868 2874 etc.
914 2798 981 2865 dali
1006 2800 1192 2887 relegarant,
1215 2797 1334 2874 luerint
1365 2801 1508 2883 restituti,

314 2932 316 2937 -
406 2892 448 2957 ΙΝ
475 2895 498 2959 Ι.
521 2894 742 2963 NOCTURNO
915 2902 957 2960 et·
972 2892 1124 2958 lazorum
1149 2893 1288 2973 Reman
1302 2892 1444 2983 populus
1466 2894 1509 2962 ad

367 2987 452 3055 Lert.
474 2988 511 3055 de
535 2982 641 3075 script.
667 3006 789 3055 ceonrr.
918 2982 1031 3051 Christi
1057 2982 1152 3053 fidem
1177 2986 1253 3074 ejus.
1272 3005 1390 3077 opera,
1414 2984 1508 3054 indu-

395 3079 438 3144 ΙΝ
464 3080 503 3144 11.
533 3079 756 3149 NOCTURNO
919 3088 991 3144 ctus
1016 3079 1065 3158 sit;
1089 3100 1127 3147 ac
1151 3076 1282 3146 demum
1306 3078 1509 3148 chlodoveus

547 3173 628 3241 Lect.
652 3194 692 3241 rr.
916 3171 1111 3239 Francorum
1138 3173 1212 3253 Rex,
1236 3169 1277 3238 ad
1302 3171 1444 3239 eamdem
1470 3171 1509 3238 fi-

277 3212 499 3333 Hormisdas
523 3265 648 3335 natione
688 3265 867 3355 Campanus
916 3263 990 3331 dem
1016 3285 1203 3346 conversus,
1228 3264 1364 3333 solemni
1378 3264 1509 3355 legatio·

277 3354 368 3423 lusto
392 3368 480 3448 patre
504 3358 680 3438 Frusinate,
704 3359 868 3446 septimos
917 3379 957 3425 ne
981 3357 1022 3424 ad
1047 3356 1162 3425 Sedem
1187 3357 1411 3450 Apostolum,
1453 3378 1509 3425 co·

275 3448 455 3539 Symmachi
481 3451 568 3521 obitu
592 3450 654 3531 die,
690 3474 764 3519 curn
798 3453 865 3539 jam
916 3465 1026 3544 ronam
1066 3472 1195 3517 auream
1230 3451 1362 3539 gemmis
1398 3450 1509 3519 distin·

275 3553 402 3609 sanctae
427 3545 585 3613 Romanae
608 3544 770 3611 Ecclesiae
793 3544 866 3609 Dia·
914 3552 999 3609 ctam
1039 3542 1226 3613 Hormisdae
1266 3544 1426 3626 obtulerit,
1464 3542 1508 3613 sd

275 3651 377 3699 conus
416 3649 520 3717 esset,
560 3642 686 3705 sumnia
726 3639 868 3705 omniurn
917 3640 1110 3727 perpetuum
1135 3636 1344 3722 obedieutiae,
1367 3648 1402 3709 et
1424 3635 1509 3705 -fidei

274 3728 493 3809 consensione,
525 3730 566 3797 ad
606 3742 746 3798 sanctam
788 3730 870 3797 Petri
916 3740 1167 3809 monumentum,
1446 3741 1448 3745 ’
1481 3764 1484 3769 ·

274 3816 382 3885 sedern
408 3834 577 3909 provectus
593 3834 649 3902 est;
673 3825 706 3888 in
738 3845 806 3913 qua.
824 3824 868 3888 ita
960 3834 992 3905 rt.
1019 3825 1112 3891 Posui
1136 3815 1339 3913 adjutorium.

256 3931 308 3977 «se
332 3914 438 3999 gessit,
462 3925 493 3979 et
516 3914 787 4003 dominicogregi
812 3937 869 4007 pa·
1127 3920 1209 3986 Lect.
1234 3939 1276 3984 vr.

272 4002 400 4071 scendo
424 4004 570 4073 sedulam
587 4029 716 4098 operam
735 4006 871 4090 navarit,
922 3960 1160 4084 Manichacus
1184 4008 1506 4091 innotescentem

273 4106 309 4163 ut
333 4118 398 4163 non
422 4100 491 4165 sine
515 4101 667 4189 singulari
687 4102 740 4166 Dei
759 4104 865 4192 provi·
913 4122 1051 4189 rumque
1075 4101 1201 4170 codices
1226 4114 1298 4170 ante
1321 4102 1405 4170 sores
1422 4102 1505 4171 Con·

275 4188 454 4273 dentiaac
478 4191 587 4261 divino
625 4194 758 4261 consilio
798 4195 878 4263 ele.
910 4195 1117 4262 stantinianae
1157 4196 1308 4264 Basilicas
1360 4194 1504 4264 incendio

273 4292 359 4351 ctum
399 4284 523 4371 luisse,
573 4298 774 4382 perspectum
813 4288 862 4356 sit.
912 4287 1137 4358 concremarit.
1159 4288 1344 4383 Complures
1356 4288 1508 4383 epistolas
