3584 5034
287 558 340 629 ,us
778 556 906 628 uesta
930 558 1036 629 tortu

351 670 514 739 ioannem.
562 669 663 763 Cupit.
692 672 785 757 te„
924 682 1084 761 aeternam
1124 671 1191 762 ipse
1248 667 1387 739 custodit
1432 690 1514 740 eam.

296 723 350 829 ln
374 762 430 829 iilo
453 762 595 856 tempore
609 763 686 832 dixit
709 767 806 833 iesus
825 763 875 831 di·
921 766 1043 854 Magoa‚
1069 774 1101 833 et
1116 767 1197 831 mira
1212 766 1375 852 sententia,
1399 785 1514 853 quem·

296 856 425 947 scipulis
448 857 522 925 sois:
553 862 664 938 Amen,
681 857 876 938 ameu„dico
924 856 1097 924 admodum
1137 858 1352 944 sithominis
1382 857 1412 921 in
1446 855 1514 921 aoi-

297 950 398 1029 unbis,
425 950 480 1016 uisi
506 973 636 1039 granum
655 950 807 1018 frumeuti·
827 973 880 1021 ca·
927 973 1011 1017 mern
1053 973 1143 1017 suam
1183 972 1282 1031 amor,
1323 961 1357 1018 ot
1396 957 1514 1039 pereat,

296 1042 375 1111 dens
399 1042 429 1108 in
454 1055 566 1111 terram
593 1044 880 1124 mortuumiuerit,
930 1045 1055 1124 odium,
1080 1067 1118 1111 ne
1143 1055 1258 1134 pereat.
1284 1045 1315 1109 Si
1333 1044 1414 1110 maie
1430 1063 1515 1107 ama·
1626 1070 1630 1080 ·

297 1138 401 1225 ipsum
426 1135 529 1203 scium
555 1147 667 1204 manet.
693 1138 730 1203 Et
755 1137 886 1227 relique.
935 1138 1028 1217 veris,
1055 1148 1132 1205 tunc
1148 1136 1252 1217 odisti3
1268 1138 1297 1203 si
1314 1136 1394 1203 bene
1412 1131 1516 1227 oderis

308 1230 444 1296 Humilia
467 1230 498 1296 S.
524 1231 691 1319 Augustini
716 1232 874 1323 Episcopi.
895 1304 896 1309 ἵ
930 1241 1005 1297 tunc
1031 1231 1152 1297 amasti.
1171 1229 1290 1297 Feiiccs
1307 1231 1362 1321 qui
1380 1228 1519 1295 oderunt

892 1374 895 1380 ,
928 1322 1148 1404 custodiendo,
1168 1346 1207 1391 ne
1223 1323 1357 1415 perdant
1371 1320 1517 1389 amando.

410 1416 513 1483 Trcct.
540 1418 594 1483 tt.
624 1415 659 1483 in
683 1420 790 1485 loono.
979 1426 1010 1494 d.
1027 1417 1238 1485 Hicestvere
1268 1418 1392 1509 Martyr.
1483 1436 1486 1440 ·

297 1460 389 1599 lpse
412 1508 566 1575 Dominus
601 1510 693 1577 iesus
717 1520 783 1577 erat
807 1531 878 1599 gra·
930 1511 1034 1597 Temp.
1048 1512 1158 1578 Poscit.
1183 1509 1314 1577 Candidi
1339 1508 1410 1577 iacti
1435 1516 1519 1576 sunt.

299 1623 376 1667 num
398 1600 663 1683 mortificandum,
682 1614 715 1671 et
729 1602 877 1693 multipli·
974 1603 1103 1683 Quando
1119 1615 1222 1671 cutem
1242 1605 1439 1692 transfertur,
1459 1624 1514 1669 no·

295 1692 443 1761 candum:
469 1694 720 1786 mortificandum
751 1695 883 1763 infideli·
929 1709 972 1762 tta
997 1693 1101 1764 Lectio
1124 1695 1184 1762 crit
1207 1717 1346 1783 septeno.
1452 1751 1454 1756 .

297 1794 360 1854 tate
384 1787 587 1869 iudaeorum,
604 1788 876 1880 multiplicandum
1125 1786 1229 1856 Lectio
1261 1806 1304 1853 tx.

296 1876 361 1947 fide
377 1882 656 1973 populorumtam
673 1902 748 1950 vero
763 1882 876 1950 exhor·
924 1832 1013 1948 Sed
1038 1879 1119 1959 vide,
1145 1902 1184 1947 ne
1209 1878 1263 1947 tibi
1287 1877 1451 1968 subrepat,
1473 1886 1512 1945 ut

297 1982 366 2039 tans
390 1974 430 2039 ad
447 1976 599 2064 passionis
624 1997 701 2042 suae
728 1975 877 2043 sectanda
925 1983 956 2040 tc
988 1976 1093 2063 ipsum
1123 1973 1201 2040 velis
1241 1974 1428 2057 interimere,
1467 1969 1516 2040 sic

297 2067 438 2155 vestigia,
464 2068 519 2155 qui
553 2081 662 2147 amat,
686 2067 790 2157 inquit
811 2070 879 2133 ani·
927 2065 1138 2155 intelligendo,
1162 2065 1250 2156 quod
1276 2064 1375 2133 debes
1405 2062 1515 2133 odisse

299 2178 383 2223 mam
407 2180 507 2238 snam,
532 2159 642 2249 perdet
679 2182 757 2227 eam.
783 2158 877 2241 Quod
926 2160 955 2225 io
982 2159 1042 2226 hoc
1081 2160 1200 2236 muodo
1236 2162 1374 2225 animam
1414 2169 1512 2226 tuam.
1591 2234 1596 2245 ,

298 2248 428 2317 duobus
477 2252 580 2318 modis
605 2252 731 2341 intettigt
772 2265 882 2345 potest.
931 2253 1012 2319 Hinc
1035 2253 1117 2319 enim
1143 2252 1272 2336 quidam
1308 2252 1446 2340 maligni,
1470 2262 1516 2318 at-

299 2343 363 2424 Qut
378 2354 472 2429 amat,
487 2344 606 2435 perdet;
620 2345 649 2411 id
668 2358 725 2434 est,
741 2348 766 2413 si
783 2368 884 2426 amas,
932 2366 998 2434 que
1055 2347 1192 2436 peruersi
1236 2345 1380 2410 homines
1412 2345 1444 2411 iu
1482 2365 1518 2411 sc

299 2435 423 2529 perdes:
447 2439 473 2504 si
498 2441 586 2529 rupis
603 2439 695 2506 vitam
723 2450 829 2508 tenere
853 2441 884 2505 in
932 2440 1010 2528 ipsis
1028 2437 1231 2517 crudeliores,
1253 2447 1285 2502 et
1302 2435 1519 2503 sceleratiores

300 2528 434 2611 Christo,
459 2531 524 2598 noli
541 2542 671 2603 mortem
689 2534 797 2603 timere
820 2552 880 2624 pro
929 2529 1107 2597 homicidae
1147 2528 1281 2595 flammis
1313 2550 1349 2595 se
1388 2526 1532 2608 donam,

299 2620 431 2697 Christo.
469 2626 546 2693 item
582 2626 645 2693 alio
685 2626 790 2696 modo:
829 2626 884 2715 qni
931 2623 1023 2713 aquis
1046 2643 1082 2689 se
1104 2622 1296 2711 praefocant,
1337 2614 1518 2713 praecipitio

294 2710 384 2784 'amat
407 2718 542 2786 animam
558 2742 659 2799 suam,
676 2719 787 2811 perdet
802 2740 881 2785 eam:
930 2738 967 2784 se
1001 2713 1166 2797 collidunt,
1192 2727 1225 2785 et
1261 2724 1406 2807 percunt.
1446 2717 1517 2782 Hoo

300 2808 364 2875 noli
381 2831 497 2892 amare,
517 2834 557 2879 ne
578 2811 701 2901 perdam
719 2813 781 2880 ooli
798 2831 885 2879 ama·
933 2809 1075 2877 Christus
1098 2832 1162 2879 ooo
1187 2809 1305 2890 docuit,
1348 2810 1412 2877 imo
1428 2810 1520 2877 etiam

301 2920 338 2967 rc
375 2901 406 2967 in
436 2901 495 2969 hac
523 2903 596 2982 uita,
636 2925 676 2972 ne
716 2904 832 2996 perdas
856 2906 887 2973 io
934 2902 1063 2971 diabolo
1087 2903 1304 2993 praecipitium
1339 2903 1523 2991 suggerenti

297 3000 427 3059 aeterna
452 2994 520 3061 uita.
934 2995 1105 3086 respoudit:
1140 2997 1214 3063 Redi
1255 3006 1339 3062 retro
1376 2998 1516 3077 Satanas,

300 3158 304 3165 ,
347 3094 379 3165 ru.
403 3084 641 3154 Coronaaurea.
931 3090 1085 3177 scriptum
1112 3100 1169 3155 est:
1196 3110 1258 3157 oon
1296 3085 1429 3154 tentabis
1455 3088 1519 3153 Do·

301 3238 305 3243 .
352 3179 455 3268 Temp.
468 3181 578 3247 Poscit
591 3180 656 3269 Ego
679 3200 751 3246 sum
775 3179 862 3250 vitis·
928 3180 1050 3245 minum
1069 3178 1168 3247 Deum
1182 3192 1283 3247 tuum.
1305 3181 1397 3245 Petro
1412 3188 1521 3245 autem

504 3271 608 3343 Lectio
630 3293 696 3340 tut.
737 3350 739 3355 ¹
934 3269 1013 3338 dixit
1036 3272 1219 3359 significuus
1242 3292 1308 3360 qua
1332 3279 1433 3337 morte
1457 3269 1523 3338 cln-

301 3308 406 3429 Hoc
445 3374 561 3445 autom,
603 3366 692 3457 quod
731 3365 888 3456 posterius
936 3361 1199 3432 rideaturuserat
1216 3366 1327 3444 Deum3
1344 3384 1418 3431 cum
1436 3384 1524 3432 esses

303 3451 377 3536 dixi,
396 3458 495 3545 magis
512 3458 628 3527 habere
643 3457 770 3527 videtur
788 3459 889 3525 Evan-
933 3455 1051 3545 junior,
1079 3454 1228 3544 cingebas
1252 3467 1293 3538 te,
1320 3466 1351 3523 et
1380 3457 1524 3525 ambuie-

304 3542 426 3635 geticus
448 3572 570 3619 sensus.
586 3552 735 3643 Sequitur
752 3552 845 3622 enim:
861 3563 892 3619 et
940 3548 997 3615 bas
1020 3567 1087 3637 quo
1122 3548 1262 3631 votebas,
1304 3569 1378 3617 cum
1417 3561 1524 3618 autem

300 3643 360 3731 ‚qui
385 3641 450 3711 odit
482 3645 617 3713 animam
656 3666 747 3711 suam
773 3645 803 3711 in
828 3643 888 3711 hoc
935 3642 1087 3721 senueris,
1110 3641 1189 3709 alter
1206 3654 1236 3709 te
1254 3645 1367 3731 cinget,
1388 3655 1420 3713 et
1437 3644 1524 3724 ieret,

305 3735 437 3817 mundo,
463 3736 493 3805 io
518 3738 611 3805 vitam
649 3730 808 3805 aeternam
832 3757 889 3803 cu·
935 3755 1003 3825 quo
1027 3746 1061 3802 tu
1086 3757 1149 3802 non
1173 3736 1230 3803 uis:
1259 3737 1317 3804 ubi
1355 3741 1430 3806 satis
1469 3757 1522 3806 ex·

305 3829 401 3896 studit
423 3852 501 3897 earn.
534 3831 615 3919 Ergo
656 3829 744 3921 quod
771 3830 890 3896 dictum
940 3828 1063 3918 pressit,
1091 3849 1154 3895 non
1178 3850 1197 3895 a
1221 3851 1256 3897 se
1297 3830 1376 3923 ipso,
1402 3828 1458 3899 sed
1481 3828 1523 3897 ab

305 3932 355 3989 est
378 3944 482 4015 supra:
506 3927 563 4013 qui
585 3936 678 4003 amat,
720 3922 894 3991 subinteiii-
939 3920 1003 3988 elio
1026 3921 1142 3990 debere
1165 3922 1279 4006 occidi,
1315 3926 1372 4017 qui
1394 3920 1525 4013 uestigia

306 4014 390 4102 gitur
411 4018 444 4083 in
469 4016 529 4084 hoc
562 4016 693 4099 mundo,
718 4017 785 4106 ipso
816 4017 894 4081 utri·
940 4016 1088 4104 sequitur
1109 4014 1234 4085 Christi.

307 4125 373 4194 que
410 4110 529 4199 perdet3
570 4110 626 4202 qui
653 4120 770 4193 ⁸autem
813 4107 891 4187 odit,
1152 4112 1189 4177 In
1214 4110 1312 4180 Lotrd.

308 4198 420 4287 utique
443 4202 474 4269 in
497 4200 558 4273 hitc
581 4202 712 4289 mundo,
735 4201 888 4273 inuium
981 4196 1011 4268 ti.
1035 4199 1216 4273 confitebor
1238 4202 1358 4273 nomini
1385 4209 1453 4269 tuo.
