<?xml version="1.0" encoding="UTF-8"?>
<!DOCTYPE html PUBLIC "-//W3C//DTD XHTML 1.0 Transitional//EN"
    "http://www.w3.org/TR/xhtml1/DTD/xhtml1-transitional.dtd">
<html xmlns="http://www.w3.org/1999/xhtml" xml:lang="en" lang="en">
 <head>
  <title>
</title>
<meta http-equiv="Content-Type" content="text/html;charset=utf-8" />
  <meta name='ocr-system' content='tesseract 3.04.00' />
  <meta name='ocr-capabilities' content='ocr_page ocr_carea ocr_par ocr_line ocrx_word'/>
</head>
<body>
  <div class='ocr_page' id='page_1' title='image "./officiasanctoru00churgoog/officiasanctoru00churgoog_0121.png"; bbox 0 0 3584 5034; ppageno 0'>
   <div class='ocr_carea' id='block_1_1' title="bbox 767 634 1500 708">
    <p class='ocr_par' dir='ltr' id='par_1_1' title="bbox 767 634 1500 708">
     <span class='ocr_line' id='line_1_1' title="bbox 767 634 1500 708; baseline 0.003 -3"><span class='ocrx_word' id='word_1_1' title='bbox 767 634 1026 708; x_wconf 72' lang='lat' dir='ltr'><strong>ruslanutttl</strong></span> <span class='ocrx_word' id='word_1_2' title='bbox 1439 640 1500 707; x_wconf 86' lang='lat' dir='ltr'><strong>tot</strong></span> 
     </span>
    </p>
   </div>
   <div class='ocr_carea' id='block_1_2' title="bbox 278 746 1507 1775">
    <p class='ocr_par' dir='ltr' id='par_1_2' title="bbox 278 746 1507 1775">
     <span class='ocr_line' id='line_1_2' title="bbox 279 746 1504 845; baseline 0.002 -26"><span class='ocrx_word' id='word_1_3' title='bbox 279 752 313 819; x_wconf 94' lang='lat' dir='ltr'><strong>lo</strong></span> <span class='ocrx_word' id='word_1_4' title='bbox 338 748 369 819; x_wconf 87' lang='lat' dir='ltr'><strong>in</strong></span> <span class='ocrx_word' id='word_1_5' title='bbox 391 746 511 845; x_wconf 88' lang='lat' dir='ltr'><strong>oppido</strong></span> <span class='ocrx_word' id='word_1_6' title='bbox 534 750 670 819; x_wconf 83' lang='lat' dir='ltr'><strong>Sanctae</strong></span> <span class='ocrx_word' id='word_1_7' title='bbox 687 746 802 817; x_wconf 82' lang='lat' dir='ltr'><strong>llariae</strong></span> <span class='ocrx_word' id='word_1_8' title='bbox 825 748 870 817; x_wconf 89' lang='lat' dir='ltr'><strong>de</strong></span> <span class='ocrx_word' id='word_1_9' title='bbox 912 758 1017 825; x_wconf 87' lang='lat' dir='ltr'><strong>totum</strong></span> <span class='ocrx_word' id='word_1_10' title='bbox 1033 748 1190 823; x_wconf 88' lang='lat' dir='ltr'><strong>omnium</strong></span> <span class='ocrx_word' id='word_1_11' title='bbox 1210 750 1382 841; x_wconf 81' lang='lat' dir='ltr'><strong>praeclara</strong></span> <span class='ocrx_word' id='word_1_12' title='bbox 1411 772 1504 844; x_wconf 86' lang='lat' dir='ltr'><strong>prae-</strong></span> 
     </span>
     <span class='ocr_line' id='line_1_3' title="bbox 281 842 1505 935; baseline 0.002 -22"><span class='ocrx_word' id='word_1_13' title='bbox 281 846 361 913; x_wconf 81' lang='lat' dir='ltr'><strong>llilla</strong></span> <span class='ocrx_word' id='word_1_14' title='bbox 383 848 417 911; x_wconf 90' lang='lat' dir='ltr'><strong>in</strong></span> <span class='ocrx_word' id='word_1_15' title='bbox 441 848 730 935; x_wconf 70' lang='lat' dir='ltr'><strong>aprutio-ortusa</strong></span> <span class='ocrx_word' id='word_1_16' title='bbox 754 844 865 935; x_wconf 87' lang='lat' dir='ltr'><strong>primis</strong></span> <span class='ocrx_word' id='word_1_17' title='bbox 911 842 1505 935; x_wconf 80' lang='lat' dir='ltr'><strong>buitsxmpla.1ustitutiamplificaudi</strong></span> 
     </span>
     <span class='ocr_line' id='line_1_4' title="bbox 280 936 1506 1027; baseline -0.001 -20"><span class='ocrx_word' id='word_1_18' title='bbox 280 940 371 1007; x_wconf 86' lang='lat' dir='ltr'><strong>aunis</strong></span> <span class='ocrx_word' id='word_1_19' title='bbox 389 938 502 1006; x_wconf 84' lang='lat' dir='ltr'><strong>eximio</strong></span> <span class='ocrx_word' id='word_1_20' title='bbox 514 938 623 1007; x_wconf 89' lang='lat' dir='ltr'><strong>enituit</strong></span> <span class='ocrx_word' id='word_1_21' title='bbox 635 937 756 1027; x_wconf 85' lang='lat' dir='ltr'><strong>pietatis</strong></span> <span class='ocrx_word' id='word_1_22' title='bbox 772 936 871 1004; x_wconf 89' lang='lat' dir='ltr'><strong>cultu.</strong></span> <span class='ocrx_word' id='word_1_23' title='bbox 918 936 1181 1017; x_wconf 78' lang='lat' dir='ltr'><strong>studiosissimus,</strong></span> <span class='ocrx_word' id='word_1_24' title='bbox 1206 936 1240 1004; x_wconf 91' lang='lat' dir='ltr'><strong>id</strong></span> <span class='ocrx_word' id='word_1_25' title='bbox 1275 938 1411 1005; x_wconf 78' lang='lat' dir='ltr'><strong>assiduis</strong></span> <span class='ocrx_word' id='word_1_26' title='bbox 1433 958 1506 1007; x_wconf 68' lang='lat' dir='ltr'><strong>oru=</strong></span> 
     </span>
     <span class='ocr_line' id='line_1_5' title="bbox 280 1030 1506 1123; baseline 0.002 -24"><span class='ocrx_word' id='word_1_27' title='bbox 280 1031 475 1099; x_wconf 78' lang='lat' dir='ltr'><strong>Adolescens</strong></span> <span class='ocrx_word' id='word_1_28' title='bbox 514 1034 656 1121; x_wconf 86' lang='lat' dir='ltr'><strong>graviter</strong></span> <span class='ocrx_word' id='word_1_29' title='bbox 700 1040 866 1119; x_wconf 83' lang='lat' dir='ltr'><strong>aegrotans</strong></span> <span class='ocrx_word' id='word_1_30' title='bbox 914 1030 1064 1111; x_wconf 84' lang='lat' dir='ltr'><strong>tionibus,</strong></span> <span class='ocrx_word' id='word_1_31' title='bbox 1081 1030 1241 1122; x_wconf 80' lang='lat' dir='ltr'><strong>lacrymis,</strong></span> <span class='ocrx_word' id='word_1_32' title='bbox 1257 1040 1289 1098; x_wconf 90' lang='lat' dir='ltr'><strong>et</strong></span> <span class='ocrx_word' id='word_1_33' title='bbox 1302 1032 1374 1121; x_wconf 84' lang='lat' dir='ltr'><strong>jugi</strong></span> <span class='ocrx_word' id='word_1_34' title='bbox 1383 1051 1506 1123; x_wconf 89' lang='lat' dir='ltr'><strong>corpo·</strong></span> 
     </span>
     <span class='ocr_line' id='line_1_6' title="bbox 278 1124 1506 1217; baseline -0.001 -22"><span class='ocrx_word' id='word_1_35' title='bbox 278 1126 387 1195; x_wconf 85' lang='lat' dir='ltr'><strong>statuit</strong></span> <span class='ocrx_word' id='word_1_36' title='bbox 412 1146 446 1193; x_wconf 84' lang='lat' dir='ltr'><strong>se</strong></span> <span class='ocrx_word' id='word_1_37' title='bbox 470 1148 505 1193; x_wconf 87' lang='lat' dir='ltr'><strong>se</strong></span> <span class='ocrx_word' id='word_1_38' title='bbox 522 1146 653 1217; x_wconf 89' lang='lat' dir='ltr'><strong>prorsus</strong></span> <span class='ocrx_word' id='word_1_39' title='bbox 669 1124 737 1203; x_wconf 86' lang='lat' dir='ltr'><strong>Dei,</strong></span> <span class='ocrx_word' id='word_1_40' title='bbox 760 1124 868 1215; x_wconf 83' lang='lat' dir='ltr'><strong>proxi-</strong></span> <span class='ocrx_word' id='word_1_41' title='bbox 915 1124 959 1191; x_wconf 88' lang='lat' dir='ltr'><strong>ris</strong></span> <span class='ocrx_word' id='word_1_42' title='bbox 1000 1124 1231 1191; x_wconf 86' lang='lat' dir='ltr'><strong>maceratione.</strong></span> <span class='ocrx_word' id='word_1_43' title='bbox 1251 1124 1342 1193; x_wconf 81' lang='lat' dir='ltr'><strong>enixe</strong></span> <span class='ocrx_word' id='word_1_44' title='bbox 1380 1146 1399 1191; x_wconf 91' lang='lat' dir='ltr'><strong>a</strong></span> <span class='ocrx_word' id='word_1_45' title='bbox 1437 1126 1506 1194; x_wconf 87' lang='lat' dir='ltr'><strong>Deo</strong></span> 
     </span>
     <span class='ocr_line' id='line_1_7' title="bbox 278 1216 1506 1309; baseline 0 -22"><span class='ocrx_word' id='word_1_46' title='bbox 278 1222 391 1308; x_wconf 88' lang='lat' dir='ltr'><strong>mique</strong></span> <span class='ocrx_word' id='word_1_47' title='bbox 415 1222 593 1309; x_wconf 89' lang='lat' dir='ltr'><strong>mancipare</strong></span> <span class='ocrx_word' id='word_1_48' title='bbox 624 1218 761 1285; x_wconf 87' lang='lat' dir='ltr'><strong>servitio.</strong></span> <span class='ocrx_word' id='word_1_49' title='bbox 785 1217 867 1283; x_wconf 86' lang='lat' dir='ltr'><strong>Nea·</strong></span> <span class='ocrx_word' id='word_1_50' title='bbox 913 1216 1104 1306; x_wconf 90' lang='lat' dir='ltr'><strong>postulabat.</strong></span> <span class='ocrx_word' id='word_1_51' title='bbox 1121 1216 1337 1297; x_wconf 84' lang='lat' dir='ltr'><strong>Quamobrem</strong></span> <span class='ocrx_word' id='word_1_52' title='bbox 1361 1220 1461 1286; x_wconf 89' lang='lat' dir='ltr'><strong>tertio</strong></span> <span class='ocrx_word' id='word_1_53' title='bbox 1474 1220 1506 1287; x_wconf 89' lang='lat' dir='ltr'><strong>in</strong></span> 
     </span>
     <span class='ocr_line' id='line_1_8' title="bbox 280 1309 1507 1404; baseline -0.002 -25"><span class='ocrx_word' id='word_1_54' title='bbox 280 1313 377 1404; x_wconf 90' lang='lat' dir='ltr'><strong>polim</strong></span> <span class='ocrx_word' id='word_1_55' title='bbox 402 1312 575 1401; x_wconf 83' lang='lat' dir='ltr'><strong>proiectus,</strong></span> <span class='ocrx_word' id='word_1_56' title='bbox 600 1310 782 1377; x_wconf 86' lang='lat' dir='ltr'><strong>Sacerdotio</strong></span> <span class='ocrx_word' id='word_1_57' title='bbox 806 1309 866 1375; x_wconf 91' lang='lat' dir='ltr'><strong>ini·</strong></span> <span class='ocrx_word' id='word_1_58' title='bbox 914 1310 1100 1399; x_wconf 84' lang='lat' dir='ltr'><strong>Hispaniam</strong></span> <span class='ocrx_word' id='word_1_59' title='bbox 1125 1332 1162 1377; x_wconf 93' lang='lat' dir='ltr'><strong>se</strong></span> <span class='ocrx_word' id='word_1_60' title='bbox 1183 1311 1320 1378; x_wconf 86' lang='lat' dir='ltr'><strong>contulit</strong></span> <span class='ocrx_word' id='word_1_61' title='bbox 1349 1312 1507 1402; x_wconf 84' lang='lat' dir='ltr'><strong>peregrini</strong></span> 
     </span>
     <span class='ocr_line' id='line_1_9' title="bbox 281 1402 1505 1495; baseline -0.001 -23"><span class='ocrx_word' id='word_1_62' title='bbox 281 1406 385 1485; x_wconf 78' lang='lat' dir='ltr'><strong>tintuS,</strong></span> <span class='ocrx_word' id='word_1_63' title='bbox 402 1426 559 1494; x_wconf 89' lang='lat' dir='ltr'><strong>sacroque</strong></span> <span class='ocrx_word' id='word_1_64' title='bbox 580 1404 759 1493; x_wconf 89' lang='lat' dir='ltr'><strong>adscriptus</strong></span> <span class='ocrx_word' id='word_1_65' title='bbox 774 1402 868 1469; x_wconf 86' lang='lat' dir='ltr'><strong>soda-</strong></span> <span class='ocrx_word' id='word_1_66' title='bbox 915 1402 1033 1470; x_wconf 82' lang='lat' dir='ltr'><strong>babitu·</strong></span> <span class='ocrx_word' id='word_1_67' title='bbox 1047 1403 1191 1485; x_wconf 89' lang='lat' dir='ltr'><strong>indutus,</strong></span> <span class='ocrx_word' id='word_1_68' title='bbox 1207 1406 1394 1495; x_wconf 86' lang='lat' dir='ltr'><strong>victumque</strong></span> <span class='ocrx_word' id='word_1_69' title='bbox 1409 1405 1505 1472; x_wconf 89' lang='lat' dir='ltr'><strong>ostia·</strong></span> 
     </span>
     <span class='ocr_line' id='line_1_10' title="bbox 282 1495 1505 1589; baseline -0.002 -22"><span class='ocrx_word' id='word_1_70' title='bbox 282 1499 364 1578; x_wconf 84' lang='lat' dir='ltr'><strong>litio,</strong></span> <span class='ocrx_word' id='word_1_71' title='bbox 372 1495 873 1588; x_wconf 87' lang='lat' dir='ltr'><strong>contemplationi,lucrandisque</strong></span> <span class='ocrx_word' id='word_1_72' title='bbox 921 1496 1194 1577; x_wconf 79' lang='lat' dir='ltr'><strong>timmeudicans.</strong></span> <span class='ocrx_word' id='word_1_73' title='bbox 1210 1497 1247 1563; x_wconf 90' lang='lat' dir='ltr'><strong>ln</strong></span> <span class='ocrx_word' id='word_1_74' title='bbox 1267 1498 1375 1566; x_wconf 88' lang='lat' dir='ltr'><strong>itinere</strong></span> <span class='ocrx_word' id='word_1_75' title='bbox 1396 1518 1505 1589; x_wconf 87' lang='lat' dir='ltr'><strong>asper·-</strong></span> 
     </span>
     <span class='ocr_line' id='line_1_11' title="bbox 280 1588 1507 1682; baseline -0.002 -23"><span class='ocrx_word' id='word_1_76' title='bbox 280 1591 455 1659; x_wconf 87' lang='lat' dir='ltr'><strong>animabus</strong></span> <span class='ocrx_word' id='word_1_77' title='bbox 471 1613 506 1659; x_wconf 89' lang='lat' dir='ltr'><strong>se</strong></span> <span class='ocrx_word' id='word_1_78' title='bbox 531 1602 638 1669; x_wconf 90' lang='lat' dir='ltr'><strong>totum</strong></span> <span class='ocrx_word' id='word_1_79' title='bbox 670 1588 808 1669; x_wconf 92' lang='lat' dir='ltr'><strong>devovit,</strong></span> <span class='ocrx_word' id='word_1_80' title='bbox 831 1608 869 1655; x_wconf 90' lang='lat' dir='ltr'><strong>ac</strong></span> <span class='ocrx_word' id='word_1_81' title='bbox 916 1590 995 1656; x_wconf 90' lang='lat' dir='ltr'><strong>rima</strong></span> <span class='ocrx_word' id='word_1_82' title='bbox 1018 1612 1168 1679; x_wconf 88' lang='lat' dir='ltr'><strong>quaeque</strong></span> <span class='ocrx_word' id='word_1_83' title='bbox 1190 1611 1375 1682; x_wconf 71' lang='lat' dir='ltr'><strong>perpessus</strong></span> <span class='ocrx_word' id='word_1_84' title='bbox 1396 1591 1507 1661; x_wconf 56' lang='lat' dir='ltr'><strong>Omnia</strong></span> 
     </span>
     <span class='ocr_line' id='line_1_12' title="bbox 281 1681 1506 1775; baseline 0 -22"><span class='ocrx_word' id='word_1_85' title='bbox 281 1696 428 1753; x_wconf 85' lang='lat' dir='ltr'><strong>extremo</strong></span> <span class='ocrx_word' id='word_1_86' title='bbox 445 1685 603 1775; x_wconf 76' lang='lat' dir='ltr'><strong>supplic‘m</strong></span> <span class='ocrx_word' id='word_1_87' title='bbox 626 1681 781 1749; x_wconf 89' lang='lat' dir='ltr'><strong>damnatis</strong></span> <span class='ocrx_word' id='word_1_88' title='bbox 798 1682 870 1750; x_wconf 85' lang='lat' dir='ltr'><strong>hor·</strong></span> <span class='ocrx_word' id='word_1_89' title='bbox 918 1684 1052 1773; x_wconf 88' lang='lat' dir='ltr'><strong>potentis</strong></span> <span class='ocrx_word' id='word_1_90' title='bbox 1075 1684 1229 1751; x_wconf 83' lang='lat' dir='ltr'><strong>auxilium</strong></span> <span class='ocrx_word' id='word_1_91' title='bbox 1245 1685 1362 1751; x_wconf 91' lang='lat' dir='ltr'><strong>mirum</strong></span> <span class='ocrx_word' id='word_1_92' title='bbox 1378 1686 1411 1751; x_wconf 91' lang='lat' dir='ltr'><strong>in</strong></span> <span class='ocrx_word' id='word_1_93' title='bbox 1433 1704 1506 1753; x_wconf 83' lang='lat' dir='ltr'><strong>mo-</strong></span> 
     </span>
    </p>
   </div>
   <div class='ocr_carea' id='block_1_3' title="bbox 279 1775 1628 1867">
    <p class='ocr_par' dir='ltr' id='par_1_3' title="bbox 279 1775 1628 1867">
     <span class='ocr_line' id='line_1_13' title="bbox 279 1775 1628 1867; baseline -0.001 -20"><span class='ocrx_word' id='word_1_94' title='bbox 279 1788 411 1847; x_wconf 84' lang='lat' dir='ltr'><strong>tatorem</strong></span> <span class='ocrx_word' id='word_1_95' title='bbox 437 1800 472 1847; x_wconf 88' lang='lat' dir='ltr'><strong>sc</strong></span> <span class='ocrx_word' id='word_1_96' title='bbox 507 1777 653 1867; x_wconf 87' lang='lat' dir='ltr'><strong>praebuit</strong></span> <span class='ocrx_word' id='word_1_97' title='bbox 690 1776 866 1843; x_wconf 86' lang='lat' dir='ltr'><strong>assiduum.</strong></span> <span class='ocrx_word' id='word_1_98' title='bbox 914 1775 993 1844; x_wconf 90' lang='lat' dir='ltr'><strong>dum</strong></span> <span class='ocrx_word' id='word_1_99' title='bbox 1030 1788 1191 1866; x_wconf 78' lang='lat' dir='ltr'><strong>expertus,</strong></span> <span class='ocrx_word' id='word_1_100' title='bbox 1246 1781 1367 1860; x_wconf 88' lang='lat' dir='ltr'><strong>navim,</strong></span> <span class='ocrx_word' id='word_1_101' title='bbox 1405 1799 1505 1867; x_wconf 89' lang='lat' dir='ltr'><strong>quam</strong></span> <span class='ocrx_word' id='word_1_102' title='bbox 1616 1784 1628 1791; x_wconf 85' lang='grc'><strong><em>’</em></strong></span> 
     </span>
    </p>
   </div>
   <div class='ocr_carea' id='block_1_4' title="bbox 259 1868 1594 4386">
    <p class='ocr_par' dir='ltr' id='par_1_4' title="bbox 259 1868 1594 4386">
     <span class='ocr_line' id='line_1_14' title="bbox 281 1868 1506 1960; baseline 0.001 -22"><span class='ocrx_word' id='word_1_103' title='bbox 281 1870 440 1957; x_wconf 77' lang='lat' dir='ltr'><strong>Contingit</strong></span> <span class='ocrx_word' id='word_1_104' title='bbox 462 1882 587 1950; x_wconf 75' lang='lat' dir='ltr'><strong>autem.</strong></span> <span class='ocrx_word' id='word_1_105' title='bbox 602 1880 639 1935; x_wconf 91' lang='lat' dir='ltr'><strong>ut</strong></span> <span class='ocrx_word' id='word_1_106' title='bbox 673 1868 868 1960; x_wconf 89' lang='lat' dir='ltr'><strong>espistnlium</strong></span> <span class='ocrx_word' id='word_1_107' title='bbox 916 1870 1123 1937; x_wconf 86' lang='lat' dir='ltr'><strong>noscenderat</strong></span> <span class='ocrx_word' id='word_1_108' title='bbox 1160 1868 1202 1936; x_wconf 91' lang='lat' dir='ltr'><strong>ab</strong></span> <span class='ocrx_word' id='word_1_109' title='bbox 1225 1871 1401 1940; x_wconf 78' lang='lat' dir='ltr'><strong>imminenti</strong></span> <span class='ocrx_word' id='word_1_110' title='bbox 1426 1893 1506 1939; x_wconf 86' lang='lat' dir='ltr'><strong>nau·</strong></span> 
     </span>
     <span class='ocr_line' id='line_1_15' title="bbox 279 1963 1507 2055; baseline 0.001 -24"><span class='ocrx_word' id='word_1_111' title='bbox 279 1963 369 2031; x_wconf 87' lang='lat' dir='ltr'><strong>alteri</strong></span> <span class='ocrx_word' id='word_1_112' title='bbox 394 1964 583 2031; x_wconf 86' lang='lat' dir='ltr'><strong>destinatum</strong></span> <span class='ocrx_word' id='word_1_113' title='bbox 602 1965 632 2031; x_wconf 89' lang='lat' dir='ltr'><strong>ei</strong></span> <span class='ocrx_word' id='word_1_114' title='bbox 650 1984 707 2053; x_wconf 93' lang='lat' dir='ltr'><strong>per</strong></span> <span class='ocrx_word' id='word_1_115' title='bbox 729 1982 870 2029; x_wconf 90' lang='lat' dir='ltr'><strong>errorem</strong></span> <span class='ocrx_word' id='word_1_116' title='bbox 919 1963 1022 2050; x_wconf 77' lang='lat' dir='ltr'><strong>snagin</strong></span> <span class='ocrx_word' id='word_1_117' title='bbox 1046 1963 1195 2029; x_wconf 88' lang='lat' dir='ltr'><strong>orationis</strong></span> <span class='ocrx_word' id='word_1_118' title='bbox 1218 1963 1376 2055; x_wconf 78' lang='lat' dir='ltr'><strong>pracsidio</strong></span> <span class='ocrx_word' id='word_1_119' title='bbox 1399 1986 1507 2033; x_wconf 87' lang='lat' dir='ltr'><strong>serva·</strong></span> 
     </span>
     <span class='ocr_line' id='line_1_16' title="bbox 279 2055 1508 2147; baseline -0.002 -22"><span class='ocrx_word' id='word_1_120' title='bbox 279 2056 475 2137; x_wconf 79' lang='lat' dir='ltr'><strong>redderetur,</strong></span> <span class='ocrx_word' id='word_1_121' title='bbox 499 2056 765 2147; x_wconf 87' lang='lat' dir='ltr'><strong>qunapiissimis</strong></span> <span class='ocrx_word' id='word_1_122' title='bbox 790 2056 866 2123; x_wconf 90' lang='lat' dir='ltr'><strong>viris</strong></span> <span class='ocrx_word' id='word_1_123' title='bbox 914 2057 960 2122; x_wconf 91' lang='lat' dir='ltr'><strong>vit</strong></span> <span class='ocrx_word' id='word_1_124' title='bbox 1001 2055 1218 2123; x_wconf 84' lang='lat' dir='ltr'><strong>incolumem·</strong></span> <span class='ocrx_word' id='word_1_125' title='bbox 1242 2057 1284 2131; x_wconf 82' lang='lat' dir='ltr'><strong>Ut</strong></span> <span class='ocrx_word' id='word_1_126' title='bbox 1317 2061 1350 2125; x_wconf 89' lang='lat' dir='ltr'><strong>in</strong></span> <span class='ocrx_word' id='word_1_127' title='bbox 1401 2058 1508 2146; x_wconf 83' lang='lat' dir='ltr'><strong>reguis</strong></span> 
     </span>
     <span class='ocr_line' id='line_1_17' title="bbox 274 2148 1507 2241; baseline 0.002 -26"><span class='ocrx_word' id='word_1_128' title='bbox 274 2154 402 2219; x_wconf 52' lang='lat' dir='ltr'><strong>,loannc</strong></span> <span class='ocrx_word' id='word_1_129' title='bbox 441 2152 619 2237; x_wconf 76' lang='lat' dir='ltr'><strong>Augustino</strong></span> <span class='ocrx_word' id='word_1_130' title='bbox 659 2148 799 2231; x_wconf 88' lang='lat' dir='ltr'><strong>Adorno,</strong></span> <span class='ocrx_word' id='word_1_131' title='bbox 839 2158 871 2216; x_wconf 89' lang='lat' dir='ltr'><strong>et</strong></span> <span class='ocrx_word' id='word_1_132' title='bbox 918 2148 979 2215; x_wconf 91' lang='lat' dir='ltr'><strong>illis</strong></span> <span class='ocrx_word' id='word_1_133' title='bbox 1003 2148 1066 2216; x_wconf 89' lang='lat' dir='ltr'><strong>voti</strong></span> <span class='ocrx_word' id='word_1_134' title='bbox 1078 2169 1211 2239; x_wconf 92' lang='lat' dir='ltr'><strong>compos</strong></span> <span class='ocrx_word' id='word_1_135' title='bbox 1227 2148 1317 2219; x_wconf 86' lang='lat' dir='ltr'><strong>lieret</strong></span> <span class='ocrx_word' id='word_1_136' title='bbox 1331 2151 1507 2241; x_wconf 90' lang='lat' dir='ltr'><strong>plurimum</strong></span> 
     </span>
     <span class='ocr_line' id='line_1_18' title="bbox 278 2240 1508 2333; baseline 0 -22"><span class='ocrx_word' id='word_1_137' title='bbox 278 2242 427 2311; x_wconf 79' lang='lat' dir='ltr'><strong>Fabricio</strong></span> <span class='ocrx_word' id='word_1_138' title='bbox 454 2242 636 2309; x_wconf 86' lang='lat' dir='ltr'><strong>Caracoioln</strong></span> <span class='ocrx_word' id='word_1_139' title='bbox 652 2240 692 2306; x_wconf 91' lang='lat' dir='ltr'><strong>ad</strong></span> <span class='ocrx_word' id='word_1_140' title='bbox 709 2242 782 2307; x_wconf 90' lang='lat' dir='ltr'><strong>novi</strong></span> <span class='ocrx_word' id='word_1_141' title='bbox 809 2243 866 2311; x_wconf 74' lang='lat' dir='ltr'><strong>lle</strong></span> <span class='ocrx_word' id='word_1_142' title='bbox 912 2241 1078 2322; x_wconf 88' lang='lat' dir='ltr'><strong>laboravit,</strong></span> <span class='ocrx_word' id='word_1_143' title='bbox 1119 2243 1176 2309; x_wconf 88' lang='lat' dir='ltr'><strong>scd</strong></span> <span class='ocrx_word' id='word_1_144' title='bbox 1211 2244 1289 2333; x_wconf 83' lang='lat' dir='ltr'><strong>ejus.</strong></span> <span class='ocrx_word' id='word_1_145' title='bbox 1332 2244 1508 2311; x_wconf 85' lang='lat' dir='ltr'><strong>sanctitatis</strong></span> 
     </span>
     <span class='ocr_line' id='line_1_19' title="bbox 278 2334 1508 2427; baseline 0.002 -25"><span class='ocrx_word' id='word_1_146' title='bbox 278 2336 380 2423; x_wconf 88' lang='lat' dir='ltr'><strong>ligiosi</strong></span> <span class='ocrx_word' id='word_1_147' title='bbox 397 2337 532 2403; x_wconf 85' lang='lat' dir='ltr'><strong>Instituti</strong></span> <span class='ocrx_word' id='word_1_148' title='bbox 544 2335 757 2403; x_wconf 80' lang='lat' dir='ltr'><strong>fundationem</strong></span> <span class='ocrx_word' id='word_1_149' title='bbox 772 2354 866 2401; x_wconf 89' lang='lat' dir='ltr'><strong>voca·</strong></span> <span class='ocrx_word' id='word_1_150' title='bbox 913 2334 996 2401; x_wconf 81' lang='lat' dir='ltr'><strong>lama</strong></span> <span class='ocrx_word' id='word_1_151' title='bbox 1020 2335 1230 2423; x_wconf 86' lang='lat' dir='ltr'><strong>praelucente,</strong></span> <span class='ocrx_word' id='word_1_152' title='bbox 1249 2336 1508 2427; x_wconf 84' lang='lat' dir='ltr'><strong>amplissimaque</strong></span> 
     </span>
     <span class='ocr_line' id='line_1_20' title="bbox 280 2428 1507 2521; baseline 0.002 -26"><span class='ocrx_word' id='word_1_153' title='bbox 280 2428 383 2496; x_wconf 90' lang='lat' dir='ltr'><strong>batur:</strong></span> <span class='ocrx_word' id='word_1_154' title='bbox 412 2431 455 2497; x_wconf 86' lang='lat' dir='ltr'><strong>rei</strong></span> <span class='ocrx_word' id='word_1_155' title='bbox 496 2430 633 2497; x_wconf 87' lang='lat' dir='ltr'><strong>novitate</strong></span> <span class='ocrx_word' id='word_1_156' title='bbox 674 2438 796 2519; x_wconf 89' lang='lat' dir='ltr'><strong>captus,</strong></span> <span class='ocrx_word' id='word_1_157' title='bbox 837 2439 869 2494; x_wconf 93' lang='lat' dir='ltr'><strong>et</strong></span> <span class='ocrx_word' id='word_1_158' title='bbox 916 2428 1149 2495; x_wconf 85' lang='lat' dir='ltr'><strong>Catholicorum</strong></span> <span class='ocrx_word' id='word_1_159' title='bbox 1167 2432 1287 2517; x_wconf 85' lang='lat' dir='ltr'><strong>Regum</strong></span> <span class='ocrx_word' id='word_1_160' title='bbox 1300 2430 1434 2521; x_wconf 90' lang='lat' dir='ltr'><strong>Philippi</strong></span> <span class='ocrx_word' id='word_1_161' title='bbox 1450 2432 1507 2497; x_wconf 86' lang='lat' dir='ltr'><strong>So-</strong></span> 
     </span>
     <span class='ocr_line' id='line_1_21' title="bbox 281 2520 1509 2611; baseline 0.001 -24"><span class='ocrx_word' id='word_1_162' title='bbox 281 2522 406 2591; x_wconf 88' lang='lat' dir='ltr'><strong>divinae</strong></span> <span class='ocrx_word' id='word_1_163' title='bbox 424 2522 594 2589; x_wconf 85' lang='lat' dir='ltr'><strong>voluntatis</strong></span> <span class='ocrx_word' id='word_1_164' title='bbox 606 2523 780 2589; x_wconf 90' lang='lat' dir='ltr'><strong>demiratus</strong></span> <span class='ocrx_word' id='word_1_165' title='bbox 792 2541 868 2587; x_wconf 89' lang='lat' dir='ltr'><strong>con·</strong></span> <span class='ocrx_word' id='word_1_166' title='bbox 916 2521 1027 2600; x_wconf 88' lang='lat' dir='ltr'><strong>eundi,</strong></span> <span class='ocrx_word' id='word_1_167' title='bbox 1048 2531 1080 2587; x_wconf 94' lang='lat' dir='ltr'><strong>et</strong></span> <span class='ocrx_word' id='word_1_168' title='bbox 1104 2520 1235 2611; x_wconf 91' lang='lat' dir='ltr'><strong>Philippi</strong></span> <span class='ocrx_word' id='word_1_169' title='bbox 1262 2524 1353 2590; x_wconf 88' lang='lat' dir='ltr'><strong>Tertii</strong></span> <span class='ocrx_word' id='word_1_170' title='bbox 1380 2520 1509 2598; x_wconf 78' lang='lat' dir='ltr'><strong>munili-</strong></span> 
     </span>
     <span class='ocr_line' id='line_1_22' title="bbox 283 2611 1508 2702; baseline 0.001 -19"><span class='ocrx_word' id='word_1_171' title='bbox 283 2616 363 2695; x_wconf 85' lang='lat' dir='ltr'><strong>silia,</strong></span> <span class='ocrx_word' id='word_1_172' title='bbox 371 2617 466 2684; x_wconf 87' lang='lat' dir='ltr'><strong>alacri</strong></span> <span class='ocrx_word' id='word_1_173' title='bbox 479 2618 667 2683; x_wconf 87' lang='lat' dir='ltr'><strong>animosesc</strong></span> <span class='ocrx_word' id='word_1_174' title='bbox 683 2614 745 2681; x_wconf 91' lang='lat' dir='ltr'><strong>illis</strong></span> <span class='ocrx_word' id='word_1_175' title='bbox 758 2613 870 2702; x_wconf 85' lang='lat' dir='ltr'><strong>adjun-</strong></span> <span class='ocrx_word' id='word_1_176' title='bbox 918 2616 1033 2691; x_wconf 90' lang='lat' dir='ltr'><strong>centia,</strong></span> <span class='ocrx_word' id='word_1_177' title='bbox 1056 2611 1311 2683; x_wconf 84' lang='lat' dir='ltr'><strong>adversariorum</strong></span> <span class='ocrx_word' id='word_1_178' title='bbox 1337 2615 1508 2683; x_wconf 87' lang='lat' dir='ltr'><strong>conatibus</strong></span> 
     </span>
     <span class='ocr_line' id='line_1_23' title="bbox 282 2704 1508 2798; baseline 0.002 -24"><span class='ocrx_word' id='word_1_179' title='bbox 282 2709 336 2774; x_wconf 79' lang='lat' dir='ltr'><strong>xit.</strong></span> <span class='ocrx_word' id='word_1_180' title='bbox 353 2708 496 2776; x_wconf 83' lang='lat' dir='ltr'><strong>Conditis</strong></span> <span class='ocrx_word' id='word_1_181' title='bbox 519 2720 626 2775; x_wconf 90' lang='lat' dir='ltr'><strong>autern</strong></span> <span class='ocrx_word' id='word_1_182' title='bbox 649 2710 683 2775; x_wconf 89' lang='lat' dir='ltr'><strong>in</strong></span> <span class='ocrx_word' id='word_1_183' title='bbox 699 2705 868 2773; x_wconf 86' lang='lat' dir='ltr'><strong>Camaldu-</strong></span> <span class='ocrx_word' id='word_1_184' title='bbox 916 2704 1067 2793; x_wconf 86' lang='lat' dir='ltr'><strong>singulari</strong></span> <span class='ocrx_word' id='word_1_185' title='bbox 1091 2706 1184 2776; x_wconf 88' lang='lat' dir='ltr'><strong>animi</strong></span> <span class='ocrx_word' id='word_1_186' title='bbox 1204 2707 1389 2777; x_wconf 77' lang='lat' dir='ltr'><strong>fortitudine</strong></span> <span class='ocrx_word' id='word_1_187' title='bbox 1411 2729 1508 2798; x_wconf 87' lang='lat' dir='ltr'><strong>supo-</strong></span> 
     </span>
     <span class='ocr_line' id='line_1_24' title="bbox 282 2796 1594 2893; baseline 0 -26"><span class='ocrx_word' id='word_1_188' title='bbox 282 2801 420 2869; x_wconf 90' lang='lat' dir='ltr'><strong>lensium</strong></span> <span class='ocrx_word' id='word_1_189' title='bbox 436 2820 554 2881; x_wconf 90' lang='lat' dir='ltr'><strong>eremo,</strong></span> <span class='ocrx_word' id='word_1_190' title='bbox 580 2821 646 2890; x_wconf 90' lang='lat' dir='ltr'><strong>quo</strong></span> <span class='ocrx_word' id='word_1_191' title='bbox 663 2809 868 2881; x_wconf 88' lang='lat' dir='ltr'><strong>secesserant,</strong></span> <span class='ocrx_word' id='word_1_192' title='bbox 915 2799 1004 2878; x_wconf 92' lang='lat' dir='ltr'><strong>ratis,</strong></span> <span class='ocrx_word' id='word_1_193' title='bbox 1027 2796 1120 2887; x_wconf 87' lang='lat' dir='ltr'><strong>plura</strong></span> <span class='ocrx_word' id='word_1_194' title='bbox 1144 2799 1194 2867; x_wconf 91' lang='lat' dir='ltr'><strong>sui</strong></span> <span class='ocrx_word' id='word_1_195' title='bbox 1219 2800 1349 2868; x_wconf 89' lang='lat' dir='ltr'><strong>Ordinis</strong></span> <span class='ocrx_word' id='word_1_196' title='bbox 1373 2800 1508 2867; x_wconf 89' lang='lat' dir='ltr'><strong>domici·</strong></span> <span class='ocrx_word' id='word_1_197' title='bbox 1589 2878 1594 2893; x_wconf 41' lang='lat'><strong>·</strong></span> 
     </span>
     <span class='ocr_line' id='line_1_25' title="bbox 282 2889 1508 2985; baseline 0.003 -25"><span class='ocrx_word' id='word_1_198' title='bbox 282 2896 366 2961; x_wconf 89' lang='lat' dir='ltr'><strong>novi</strong></span> <span class='ocrx_word' id='word_1_199' title='bbox 383 2893 526 2960; x_wconf 91' lang='lat' dir='ltr'><strong>Ordinis</strong></span> <span class='ocrx_word' id='word_1_200' title='bbox 549 2892 697 2981; x_wconf 72' lang='lat' dir='ltr'><strong>legibus,</strong></span> <span class='ocrx_word' id='word_1_201' title='bbox 714 2892 790 2959; x_wconf 86' lang='lat' dir='ltr'><strong>inde</strong></span> <span class='ocrx_word' id='word_1_202' title='bbox 813 2894 875 2959; x_wconf 86' lang='lat' dir='ltr'><strong>llo-</strong></span> <span class='ocrx_word' id='word_1_203' title='bbox 918 2892 963 2959; x_wconf 89' lang='lat' dir='ltr'><strong>lia</strong></span> <span class='ocrx_word' id='word_1_204' title='bbox 989 2889 1140 2957; x_wconf 81' lang='lat' dir='ltr'><strong>fundavit:</strong></span> <span class='ocrx_word' id='word_1_205' title='bbox 1159 2943 1162 2949; x_wconf 77' lang='lat'><strong>,</strong></span> <span class='ocrx_word' id='word_1_206' title='bbox 1180 2892 1268 2983; x_wconf 90' lang='lat' dir='ltr'><strong>quod</strong></span> <span class='ocrx_word' id='word_1_207' title='bbox 1298 2897 1366 2985; x_wconf 88' lang='lat' dir='ltr'><strong>pari</strong></span> <span class='ocrx_word' id='word_1_208' title='bbox 1390 2903 1508 2964; x_wconf 80' lang='lat' dir='ltr'><strong>eventu</strong></span> 
     </span>
     <span class='ocr_line' id='line_1_26' title="bbox 283 2983 1300 3078; baseline -0.004 -24"><span class='ocrx_word' id='word_1_209' title='bbox 283 3009 367 3055; x_wconf 88' lang='lat' dir='ltr'><strong>marn</strong></span> <span class='ocrx_word' id='word_1_210' title='bbox 385 2988 479 3055; x_wconf 90' lang='lat' dir='ltr'><strong>simul</strong></span> <span class='ocrx_word' id='word_1_211' title='bbox 496 2987 640 3077; x_wconf 83' lang='lat' dir='ltr'><strong>protecti,</strong></span> <span class='ocrx_word' id='word_1_212' title='bbox 657 2984 872 3069; x_wconf 86' lang='lat' dir='ltr'><strong>confirmatio·</strong></span> <span class='ocrx_word' id='word_1_213' title='bbox 918 3004 978 3076; x_wconf 88' lang='lat' dir='ltr'><strong>por</strong></span> <span class='ocrx_word' id='word_1_214' title='bbox 1001 2983 1120 3051; x_wconf 87' lang='lat' dir='ltr'><strong>ltaliam</strong></span> <span class='ocrx_word' id='word_1_215' title='bbox 1138 2987 1300 3078; x_wconf 88' lang='lat' dir='ltr'><strong>praestitit.</strong></span> 
     </span>
     <span class='ocr_line' id='line_1_27' title="bbox 280 3080 1340 3168; baseline 0 -21"><span class='ocrx_word' id='word_1_216' title='bbox 280 3102 354 3149; x_wconf 90' lang='lat' dir='ltr'><strong>nem</strong></span> <span class='ocrx_word' id='word_1_217' title='bbox 380 3082 502 3147; x_wconf 86' lang='lat' dir='ltr'><strong>aSixto</strong></span> <span class='ocrx_word' id='word_1_218' title='bbox 519 3081 637 3161; x_wconf 17' lang='lat' dir='ltr'><strong>oinium</strong></span> <span class='ocrx_word' id='word_1_219' title='bbox 653 3080 869 3168; x_wconf 89' lang='lat' dir='ltr'><strong>impetrarunt,</strong></span> <span class='ocrx_word' id='word_1_220' title='bbox 964 3087 996 3162; x_wconf 61' lang='lat' dir='ltr'><strong>u.</strong></span> <span class='ocrx_word' id='word_1_221' title='bbox 1020 3081 1148 3159; x_wconf 75' lang='lat' dir='ltr'><strong>Amavit</strong></span> <span class='ocrx_word' id='word_1_222' title='bbox 1168 3102 1256 3162; x_wconf 85' lang='lat' dir='ltr'><strong>eum,</strong></span> <span class='ocrx_word' id='word_1_223' title='bbox 1280 3091 1340 3151; x_wconf 91' lang='lat' dir='ltr'><strong>etc.</strong></span> 
     </span>
     <span class='ocr_line' id='line_1_28' title="bbox 280 3172 1297 3264; baseline 0.002 -23"><span class='ocrx_word' id='word_1_224' title='bbox 280 3175 337 3264; x_wconf 86' lang='lat' dir='ltr'><strong>qui</strong></span> <span class='ocrx_word' id='word_1_225' title='bbox 358 3172 492 3243; x_wconf 87' lang='lat' dir='ltr'><strong>eosdem</strong></span> <span class='ocrx_word' id='word_1_226' title='bbox 525 3174 663 3241; x_wconf 80' lang='lat' dir='ltr'><strong>Clericus</strong></span> <span class='ocrx_word' id='word_1_227' title='bbox 699 3172 869 3261; x_wconf 84' lang='lat' dir='ltr'><strong>Regulares</strong></span> <span class='ocrx_word' id='word_1_228' title='bbox 1138 3174 1242 3244; x_wconf 79' lang='lat' dir='ltr'><strong>Lectio</strong></span> <span class='ocrx_word' id='word_1_229' title='bbox 1256 3194 1297 3243; x_wconf 65' lang='lat' dir='ltr'><strong>ro⁴</strong></span> 
     </span>
     <span class='ocr_line' id='line_1_29' title="bbox 279 3214 1509 3358; baseline 0 -24"><span class='ocrx_word' id='word_1_230' title='bbox 279 3268 418 3335; x_wconf 83' lang='lat' dir='ltr'><strong>Minores</strong></span> <span class='ocrx_word' id='word_1_231' title='bbox 441 3264 593 3358; x_wconf 87' lang='lat' dir='ltr'><strong>appellari</strong></span> <span class='ocrx_word' id='word_1_232' title='bbox 616 3264 728 3347; x_wconf 83' lang='lat' dir='ltr'><strong>voluit,</strong></span> <span class='ocrx_word' id='word_1_233' title='bbox 759 3264 870 3333; x_wconf 84' lang='lat' dir='ltr'><strong>addito</strong></span> <span class='ocrx_word' id='word_1_234' title='bbox 917 3214 1136 3332; x_wconf 73' lang='lat' dir='ltr'><strong>numilitate</strong></span> <span class='ocrx_word' id='word_1_235' title='bbox 1167 3266 1249 3334; x_wconf 85' lang='lat' dir='ltr'><strong>adeo</strong></span> <span class='ocrx_word' id='word_1_236' title='bbox 1287 3266 1448 3347; x_wconf 81' lang='lat' dir='ltr'><strong>excelluit,</strong></span> <span class='ocrx_word' id='word_1_237' title='bbox 1471 3276 1509 3334; x_wconf 90' lang='lat' dir='ltr'><strong>ut</strong></span> 
     </span>
     <span class='ocr_line' id='line_1_30' title="bbox 279 3356 1509 3452; baseline 0.002 -25"><span class='ocrx_word' id='word_1_238' title='bbox 279 3362 321 3427; x_wconf 88' lang='lat' dir='ltr'><strong>ed</strong></span> <span class='ocrx_word' id='word_1_239' title='bbox 344 3361 404 3427; x_wconf 84' lang='lat' dir='ltr'><strong>tria</strong></span> <span class='ocrx_word' id='word_1_240' title='bbox 428 3363 594 3441; x_wconf 86' lang='lat' dir='ltr'><strong>consueta,</strong></span> <span class='ocrx_word' id='word_1_241' title='bbox 619 3356 784 3429; x_wconf 89' lang='lat' dir='ltr'><strong>alterode</strong></span> <span class='ocrx_word' id='word_1_242' title='bbox 808 3379 872 3427; x_wconf 91' lang='lat' dir='ltr'><strong>non</strong></span> <span class='ocrx_word' id='word_1_243' title='bbox 920 3356 1054 3425; x_wconf 87' lang='lat' dir='ltr'><strong>llomam</strong></span> <span class='ocrx_word' id='word_1_244' title='bbox 1092 3359 1222 3427; x_wconf 86' lang='lat' dir='ltr'><strong>veniens</strong></span> <span class='ocrx_word' id='word_1_245' title='bbox 1257 3361 1294 3428; x_wconf 84' lang='lat' dir='ltr'><strong>in·</strong></span> <span class='ocrx_word' id='word_1_246' title='bbox 1330 3382 1509 3452; x_wconf 82' lang='lat' dir='ltr'><strong>pauperum</strong></span> 
     </span>
     <span class='ocr_line' id='line_1_31' title="bbox 279 3449 1510 3545; baseline 0 -24"><span class='ocrx_word' id='word_1_247' title='bbox 279 3452 456 3522; x_wconf 89' lang='lat' dir='ltr'><strong>ambiendis</strong></span> <span class='ocrx_word' id='word_1_248' title='bbox 478 3452 693 3543; x_wconf 82' lang='lat' dir='ltr'><strong>dignitatibus,</strong></span> <span class='ocrx_word' id='word_1_249' title='bbox 719 3462 804 3521; x_wconf 90' lang='lat' dir='ltr'><strong>voto.</strong></span> <span class='ocrx_word' id='word_1_250' title='bbox 918 3449 1054 3540; x_wconf 88' lang='lat' dir='ltr'><strong>hospitio</strong></span> <span class='ocrx_word' id='word_1_251' title='bbox 1078 3461 1225 3541; x_wconf 86' lang='lat' dir='ltr'><strong>receptus</strong></span> <span class='ocrx_word' id='word_1_252' title='bbox 1248 3476 1284 3523; x_wconf 90' lang='lat' dir='ltr'><strong>se</strong></span> <span class='ocrx_word' id='word_1_253' title='bbox 1307 3455 1434 3545; x_wconf 91' lang='lat' dir='ltr'><strong>leproso</strong></span> <span class='ocrx_word' id='word_1_254' title='bbox 1457 3474 1510 3521; x_wconf 92' lang='lat' dir='ltr'><strong>so-</strong></span> 
     </span>
     <span class='ocr_line' id='line_1_32' title="bbox 327 3543 1509 3634; baseline -0.002 -21"><span class='ocrx_word' id='word_1_255' title='bbox 327 3547 572 3629; x_wconf 70' lang='lat' dir='ltr'><strong>ri.=llonestum,</strong></span> <span class='ocrx_word' id='word_1_256' title='bbox 599 3558 660 3617; x_wconf 87' lang='lat' dir='ltr'><strong>etc.</strong></span> <span class='ocrx_word' id='word_1_257' title='bbox 913 3543 1061 3624; x_wconf 76' lang='lat' dir='ltr'><strong>clarent,</strong></span> <span class='ocrx_word' id='word_1_258' title='bbox 1085 3553 1117 3617; x_wconf 89' lang='lat' dir='ltr'><strong>et</strong></span> <span class='ocrx_word' id='word_1_259' title='bbox 1144 3546 1383 3618; x_wconf 80' lang='lat' dir='ltr'><strong>Ecclesiasticus</strong></span> <span class='ocrx_word' id='word_1_260' title='bbox 1408 3548 1509 3634; x_wconf 81' lang='lat' dir='ltr'><strong>digui-</strong></span> 
     </span>
     <span class='ocr_line' id='line_1_33' title="bbox 300 3638 1511 3721; baseline -0.002 -14"><span class='ocrx_word' id='word_1_261' title='bbox 300 3680 325 3721; x_wconf 47' lang='grc' dir='ltr'><strong>η</strong></span> <span class='ocrx_word' id='word_1_262' title='bbox 495 3640 602 3709; x_wconf 81' lang='lat' dir='ltr'><strong>Lectio</strong></span> <span class='ocrx_word' id='word_1_263' title='bbox 636 3661 665 3707; x_wconf 83' lang='lat' dir='ltr'><strong>v.</strong></span> <span class='ocrx_word' id='word_1_264' title='bbox 920 3646 1000 3705; x_wconf 78' lang='lat' dir='ltr'><strong>tutes</strong></span> <span class='ocrx_word' id='word_1_265' title='bbox 1014 3658 1035 3703; x_wconf 87' lang='lat' dir='ltr'><strong>a</strong></span> <span class='ocrx_word' id='word_1_266' title='bbox 1050 3638 1149 3707; x_wconf 90' lang='lat' dir='ltr'><strong>Paulo</strong></span> <span class='ocrx_word' id='word_1_267' title='bbox 1165 3641 1284 3721; x_wconf 86' lang='lat' dir='ltr'><strong>Quinto</strong></span> <span class='ocrx_word' id='word_1_268' title='bbox 1297 3642 1356 3710; x_wconf 90' lang='lat' dir='ltr'><strong>sibi</strong></span> <span class='ocrx_word' id='word_1_269' title='bbox 1385 3639 1511 3707; x_wconf 87' lang='lat' dir='ltr'><strong>oblatas</strong></span> 
     </span>
     <span class='ocr_line' id='line_1_34' title="bbox 282 3680 1509 3824; baseline 0.002 -30"><span class='ocrx_word' id='word_1_270' title='bbox 282 3680 448 3797; x_wconf 49' lang='lat' dir='ltr'><strong>solemni</strong></span> <span class='ocrx_word' id='word_1_271' title='bbox 463 3734 578 3801; x_wconf 88' lang='lat' dir='ltr'><strong>omissa</strong></span> <span class='ocrx_word' id='word_1_272' title='bbox 594 3732 800 3824; x_wconf 82' lang='lat' dir='ltr'><strong>professione,</strong></span> <span class='ocrx_word' id='word_1_273' title='bbox 830 3729 874 3799; x_wconf 93' lang='lat' dir='ltr'><strong>ob</strong></span> <span class='ocrx_word' id='word_1_274' title='bbox 920 3733 1171 3801; x_wconf 88' lang='lat' dir='ltr'><strong>constantissime</strong></span> <span class='ocrx_word' id='word_1_275' title='bbox 1182 3736 1384 3805; x_wconf 87' lang='lat' dir='ltr'><strong>recusaverit.</strong></span> <span class='ocrx_word' id='word_1_276' title='bbox 1399 3731 1509 3798; x_wconf 85' lang='lat' dir='ltr'><strong>liliba-</strong></span> 
     </span>
     <span class='ocr_line' id='line_1_35' title="bbox 280 3822 1508 3918; baseline 0.001 -27"><span class='ocrx_word' id='word_1_277' title='bbox 280 3822 474 3912; x_wconf 84' lang='lat' dir='ltr'><strong>singularem</strong></span> <span class='ocrx_word' id='word_1_278' title='bbox 488 3826 558 3914; x_wconf 90' lang='lat' dir='ltr'><strong>ejus</strong></span> <span class='ocrx_word' id='word_1_279' title='bbox 569 3827 601 3895; x_wconf 89' lang='lat' dir='ltr'><strong>in</strong></span> <span class='ocrx_word' id='word_1_280' title='bbox 613 3826 762 3893; x_wconf 87' lang='lat' dir='ltr'><strong>Divinum</strong></span> <span class='ocrx_word' id='word_1_281' title='bbox 773 3827 872 3893; x_wconf 87' lang='lat' dir='ltr'><strong>Fran·</strong></span> <span class='ocrx_word' id='word_1_282' title='bbox 919 3834 983 3891; x_wconf 70' lang='lat' dir='ltr'><strong>um</strong></span> <span class='ocrx_word' id='word_1_283' title='bbox 1007 3836 1161 3918; x_wconf 84' lang='lat' dir='ltr'><strong>perpetuo</strong></span> <span class='ocrx_word' id='word_1_284' title='bbox 1184 3832 1325 3896; x_wconf 86' lang='lat' dir='ltr'><strong>servavit</strong></span> <span class='ocrx_word' id='word_1_285' title='bbox 1346 3826 1508 3915; x_wconf 83' lang='lat' dir='ltr'><strong>virginita-</strong></span> 
     </span>
     <span class='ocr_line' id='line_1_36' title="bbox 259 3912 1509 4009; baseline 0 -24"><span class='ocrx_word' id='word_1_286' title='bbox 259 3918 406 3985; x_wconf 89' lang='lat' dir='ltr'><strong>ciscum</strong></span> <span class='ocrx_word' id='word_1_287' title='bbox 418 3918 620 3987; x_wconf 82' lang='lat' dir='ltr'><strong>Assisinatem</strong></span> <span class='ocrx_word' id='word_1_288' title='bbox 637 3918 759 3987; x_wconf 90' lang='lat' dir='ltr'><strong>cultum</strong></span> <span class='ocrx_word' id='word_1_289' title='bbox 772 3920 870 3985; x_wconf 85' lang='lat' dir='ltr'><strong>Fran·</strong></span> <span class='ocrx_word' id='word_1_290' title='bbox 916 3927 992 3997; x_wconf 85' lang='lat' dir='ltr'><strong>tem,</strong></span> <span class='ocrx_word' id='word_1_291' title='bbox 1020 3912 1236 4009; x_wconf 68' lang='lat' dir='ltr'><strong>effrontesque</strong></span> <span class='ocrx_word' id='word_1_292' title='bbox 1258 3919 1407 3986; x_wconf 90' lang='lat' dir='ltr'><strong>mulieres</strong></span> <span class='ocrx_word' id='word_1_293' title='bbox 1436 3919 1509 4007; x_wconf 83' lang='lat' dir='ltr'><strong>ejus</strong></span> 
     </span>
     <span class='ocr_line' id='line_1_37' title="bbox 284 4010 1509 4102; baseline 0.002 -26"><span class='ocrx_word' id='word_1_294' title='bbox 284 4010 367 4081; x_wconf 88' lang='lat' dir='ltr'><strong>cisni</strong></span> <span class='ocrx_word' id='word_1_295' title='bbox 384 4030 501 4079; x_wconf 88' lang='lat' dir='ltr'><strong>nomen</strong></span> <span class='ocrx_word' id='word_1_296' title='bbox 526 4013 704 4102; x_wconf 87' lang='lat' dir='ltr'><strong>assumpsit.</strong></span> <span class='ocrx_word' id='word_1_297' title='bbox 741 4010 873 4080; x_wconf 82' lang='lat' dir='ltr'><strong>Adnrno</strong></span> <span class='ocrx_word' id='word_1_298' title='bbox 919 4010 1124 4081; x_wconf 88' lang='lat' dir='ltr'><strong>castimoniae</strong></span> <span class='ocrx_word' id='word_1_299' title='bbox 1161 4013 1344 4080; x_wconf 86' lang='lat' dir='ltr'><strong>insidiantes</strong></span> <span class='ocrx_word' id='word_1_300' title='bbox 1383 4011 1509 4079; x_wconf 83' lang='lat' dir='ltr'><strong>Christo</strong></span> 
     </span>
     <span class='ocr_line' id='line_1_38' title="bbox 281 4101 1507 4197; baseline 0.001 -27"><span class='ocrx_word' id='word_1_301' title='bbox 281 4101 412 4173; x_wconf 89' lang='lat' dir='ltr'><strong>biennio</strong></span> <span class='ocrx_word' id='word_1_302' title='bbox 450 4112 524 4196; x_wconf 89' lang='lat' dir='ltr'><strong>post</strong></span> <span class='ocrx_word' id='word_1_303' title='bbox 556 4108 621 4175; x_wconf 89' lang='lat' dir='ltr'><strong>vita</strong></span> <span class='ocrx_word' id='word_1_304' title='bbox 645 4106 765 4185; x_wconf 91' lang='lat' dir='ltr'><strong>functo,</strong></span> <span class='ocrx_word' id='word_1_305' title='bbox 807 4107 877 4197; x_wconf 88' lang='lat' dir='ltr'><strong>ipse</strong></span> <span class='ocrx_word' id='word_1_306' title='bbox 923 4103 1086 4172; x_wconf 87' lang='lat' dir='ltr'><strong>lucrilecit</strong></span> <span class='ocrx_word' id='word_1_307' title='bbox 1141 4106 1224 4193; x_wconf 81' lang='lat' dir='ltr'><strong>Erga</strong></span> <span class='ocrx_word' id='word_1_308' title='bbox 1273 4105 1507 4173; x_wconf 82' lang='lat' dir='ltr'><strong>divinissimum</strong></span> 
     </span>
     <span class='ocr_line' id='line_1_39' title="bbox 283 4197 1536 4291; baseline -0.002 -26"><span class='ocrx_word' id='word_1_309' title='bbox 283 4198 338 4265; x_wconf 92' lang='lat' dir='ltr'><strong>toti</strong></span> <span class='ocrx_word' id='word_1_310' title='bbox 351 4198 514 4283; x_wconf 85' lang='lat' dir='ltr'><strong>Religioni,</strong></span> <span class='ocrx_word' id='word_1_311' title='bbox 527 4221 722 4291; x_wconf 89' lang='lat' dir='ltr'><strong>quamquam</strong></span> <span class='ocrx_word' id='word_1_312' title='bbox 740 4199 865 4281; x_wconf 85' lang='lat' dir='ltr'><strong>invitus,</strong></span> <span class='ocrx_word' id='word_1_313' title='bbox 914 4197 1143 4270; x_wconf 68' lang='lat' dir='ltr'><strong>Eucharistiae,</strong></span> <span class='ocrx_word' id='word_1_314' title='bbox 1158 4201 1345 4290; x_wconf 86' lang='lat' dir='ltr'><strong>mysterium</strong></span> <span class='ocrx_word' id='word_1_315' title='bbox 1382 4198 1505 4266; x_wconf 90' lang='lat' dir='ltr'><strong>ardenti</strong></span> <span class='ocrx_word' id='word_1_316' title='bbox 1513 4206 1536 4245; x_wconf 64' lang='lat' dir='ltr'><strong>»s</strong></span> 
     </span>
     <span class='ocr_line' id='line_1_40' title="bbox 284 4290 1508 4386; baseline -0.005 -25"><span class='ocrx_word' id='word_1_317' title='bbox 284 4290 477 4381; x_wconf 83' lang='lat' dir='ltr'><strong>praeficitur,</strong></span> <span class='ocrx_word' id='word_1_318' title='bbox 501 4314 567 4386; x_wconf 91' lang='lat' dir='ltr'><strong>quo</strong></span> <span class='ocrx_word' id='word_1_319' title='bbox 591 4294 623 4363; x_wconf 90' lang='lat' dir='ltr'><strong>in</strong></span> <span class='ocrx_word' id='word_1_320' title='bbox 651 4314 783 4363; x_wconf 88' lang='lat' dir='ltr'><strong>munere</strong></span> <span class='ocrx_word' id='word_1_321' title='bbox 805 4293 869 4362; x_wconf 82' lang='lat' dir='ltr'><strong>vi&#39;r·</strong></span> <span class='ocrx_word' id='word_1_322' title='bbox 917 4300 1065 4360; x_wconf 87' lang='lat' dir='ltr'><strong>aestuans</strong></span> <span class='ocrx_word' id='word_1_323' title='bbox 1082 4303 1195 4362; x_wconf 79' lang='lat' dir='ltr'><strong>&#39;amore</strong></span> <span class='ocrx_word' id='word_1_324' title='bbox 1219 4304 1431 4386; x_wconf 69' lang='lat' dir='ltr'><strong>noctes&#39;peoe</strong></span> <span class='ocrx_word' id='word_1_325' title='bbox 1454 4294 1508 4356; x_wconf 67' lang='lat' dir='ltr'><strong>im</strong></span> 
     </span>
    </p>
   </div>
   <div class='ocr_carea' id='block_1_5' title="bbox 0 0 1799 5034">
    <p class='ocr_par' dir='ltr' id='par_1_5' title="bbox 0 0 1799 5034">
     <span class='ocr_line' id='line_1_41' title="bbox 0 0 1799 5034; baseline 0 0"><span class='ocrx_word' id='word_1_326' title='bbox 0 0 1799 5034; x_wconf 95' lang='lat' dir='ltr'><strong> </strong></span> 
     </span>
    </p>
   </div>
  </div>
 </body>
</html>
