3584 5034
128 556 132 601 t

335 600 399 684 ric
731 650 734 659 -
811 616 941 694 ‘susm
965 618 1069 708 roxu

306 728 910 821 .beatissimaequeVirginisconsuetu-
955 734 1041 826 plam
1068 733 1282 831 molestiarum
1298 741 1436 823 segetem
1451 734 1547 803 Vero·

322 820 403 890 :dine
426 821 598 903 fruebatur,
623 836 654 893 et
669 823 841 915 aliquando
865 824 912 892 di·
957 828 1048 901 nicae
1073 836 1276 919 pepererunt:
1301 829 1468 895 nonenim
1492 826 1547 897 de-

329 916 423 983 vinus
448 918 530 983 Puer
553 916 594 983 ad
619 940 688 985 eam
713 937 784 983 cum
809 918 913 1011 lacry-
959 921 1049 988 tuere
1088 921 1144 1011 qui
1179 918 1216 987 'id
1242 942 1336 989 omne
1384 920 1473 987 malis
1496 943 1546 987 ar-

324 1010 390 1075 mis
429 1020 580 1092 orantem,
610 1023 646 1079 ut
685 1012 913 1093 consolaretur,
958 1014 1046 1080 tibus
1079 1014 1265 1095 tribuerunt,
1298 1036 1434 1104 eamque
1457 1013 1541 1081 dice-

217 1108 218 1113 ’
328 1101 500 1183 descendit
525 1102 719 1195 quandoque
747 1102 840 1171 etiam
871 1104 912 1173 ab
960 1116 1029 1173 rent
1052 1128 1154 1198 poena
1167 1110 1265 1189 omni,
1285 1108 1457 1196 infamique
1468 1130 1543 1198 sup-

328 1195 395 1285 ipsa
411 1198 545 1286 Deipara
559 1198 649 1266 illum
667 1200 797 1287 accepit,
820 1220 914 1290 prae·
962 1200 1055 1291 plieio
1071 1200 1298 1289 dignissimam.
1315 1202 1449 1269 Ferebat
1465 1200 1541 1268 baec

326 1291 475 1357 nunciato
490 1292 632 1379 ejusdem
650 1314 724 1359 cum
749 1294 823 1357 Jesu
847 1291 911 1381 spi·
956 1294 1101 1361 alacriter
1134 1294 1301 1361 fortissima
1334 1295 1429 1380 virgo:
1455 1305 1543 1384 opta-

326 1383 429 1449 rituali
453 1386 646 1473 sponsalitio,
685 1383 833 1473 adjuncta
861 1405 912 1451 ar·
958 1384 1014 1453 bat
1036 1387 1128 1455 etiam
1146 1388 1387 1456 ut'crodeliora
1403 1387 1544 1477 quotidie

279 1517 280 1521 =
326 1474 392 1558 rba,
422 1474 505 1543 bello
546 1478 686 1559 scilicet,
726 1476 814 1566 quod
855 1477 931 1567 ipsix
960 1479 993 1546 iu
1015 1500 1052 1547 se
1075 1494 1321 1569 congererentur
1343 1502 1401 1571 pro
1425 1501 1541 1570 sponso

247 1619 249 1625 .
324 1569 546 1637 sustinendum
570 1572 629 1638 tuit
652 1570 692 1637 ab
717 1568 910 1652 hominibus
960 1593 1021 1639 suo
1038 1576 1125 1641 cruci
1143 1574 1237 1642 affixo
1254 1573 1446 1643 sustinenda.
1464 1576 1542 1640 Tru·

324 1671 421 1751 atque
445 1663 573 1731 internis
598 1658 749 1737 hostibus.
774 1663 823 1729 Ad
848 1662 909 1731 hoc
955 1664 1044 1733 ditur·
1065 1667 1097 1733 in
1121 1668 1356 1735 tenebricosum
1368 1686 1540 1749 carcerem,

324 1755 727 1837 lleronioa,cumnondum
741 1758 909 1849 pueritiam
954 1758 1121 1847 subjicitur
1145 1759 1270 1828 infimae
1294 1781 1334 1826 ox
1363 1759 1540 1841 sororibus,

320 1850 519 1927 excessisset,
542 1873 611 1920 sese
640 1852 773 1933 accinxit
803 1849 907 1917 humi·
952 1852 1005 1918 cui
1028 1851 1163 1919 edicitur
1186 1863 1222 1919 ut
1244 1873 1313 1919 eam
1337 1849 1451 1918 acerbe
1475 1863 1539 1918 tra-

322 1940 408 2011 litate
431 1966 565 2027 summa,
589 1936 723 2037 parique
754 1942 904 2011 obedien·
950 1954 1021 2013 etet:
1035 1966 1140 2034 neque
1155 1945 1251 2012 vitam
1274 1944 1358 2031 amat
1374 1944 1434 2010 uisi
1449 1965 1539 2011 sum-

323 2037 378 2118 tia,
403 2049 435 2105 et
458 2038 630 2107 vehementi
664 2038 820 2105 Christum
846 2036 909 2103 llo-
955 2041 1016 2103 mis
1050 2040 1235 2127 exagitatam
1269 2034 1537 2118 tribulationibus,

322 2130 445 2197 minum
484 2152 542 2222 pro
582 2128 672 2197 uobis
707 2151 835 2220 passum
875 2141 907 2197 et
953 2133 1013 2199 esti
1038 2130 1234 2221 quandoque
1257 2114 1414 2198 desertam
1437 2151 1473 2197 se
1497 2128 1538 2196 ab

324 2222 511 2291 crucifixum
530 2222 671 2289 imitandi
683 2222 847 2291 desiderio.
865 2224 907 2291 Ut
953 2244 1072 2317 sponso
1094 2245 1132 2291 ac
1149 2225 1246 2292 veluti
1263 2223 1445 2291 derelictam
1463 2242 1540 2289 ron·

318 2324 428 2387 ,autem
452 2316 484 2382 id
508 2315 638 2384 uberius
655 2327 904 2406 consequeretur
950 2328 1147 2408 quereretur,
1164 2317 1252 2407 quod
1276 2329 1343 2384 erat
1356 2318 1384 2385 ei
1402 2328 1540 2384 tormen-

324 2407 364 2475 ad
392 2409 650 2478 sanctimoniales
690 2410 907 2511 Cappuccinas
953 2421 1022 2479 tum
1051 2414 1193 2477 omnium
1228 2410 1468 2477 amarissimum.

324 2502 505 2585 Tifernates,
519 2526 603 2595 quae
619 2508 811 2595 primaevam
835 2526 908 2571 san·
1001 2506 1034 2579 d.
1059 2503 1195 2571 Dilexisti
1216 2502 1379 2590 justitiam.

323 2604 392 2665 otae
415 2597 524 2668 Clarae
542 2600 683 2689 regulam
706 2596 904 2688 profitentur,
1168 2593 1271 2663 Lectio
1299 2616 1340 2662 vr.
1445 2610 1448 2618 ’

320 2698 476 2782 superatis
493 2692 684 2773 domesticis,
704 2690 905 2780 externisque
952 2643 1084 2777 Quam
1109 2688 1176 2755 Deo
1201 2697 1330 2755 voverat
1360 2687 1539 2757 moderato·

320 2781 505 2869 obstaculis,
531 2786 683 2875 confugit.
758 2868 761 2875 γ
816 2842 819 2847 .
954 2782 1050 2851 ribus
1072 2782 1376 2851 conscientiae'suae
1392 2782 1542 2851 obedieu-

366 2880 398 2953 d.
424 2876 556 2970 Propter
578 2878 748 2945 veritatem.
791 2916 793 2923 ·
951 2878 1026 2943 tiam
1052 2874 1184 2958 mirabili
1220 2896 1352 2965 prorsus
1374 2875 1540 2968 perlectio-

536 2968 641 3036 Lectio
677 2989 706 3035 v,
778 2966 781 2971 ’
954 2974 997 3037 be
1020 2968 1126 3037 coluit.
1153 2970 1397 3037 diuturnissime
1419 2967 1541 3057 jejunia

320 3012 403 3127 Ab
426 3062 496 3151 ipso
533 3062 688 3153 tyrocinio
726 3062 901 3147 perlectum
949 3084 989 3129 ex
1018 3061 1199 3131 obedientia
1238 3062 1394 3149 transegit:
1433 3082 1540 3149 neque

319 3154 437 3245 aliquid
455 3165 486 3222 et
501 3160 755 3223 consummatum
767 3155 833 3242 jam
858 3162 905 3220 at·
953 3174 1028 3224 vero
1037 3164 1230 3245 ,extremum
1270 3155 1370 3222 emisit
1392 3153 1539 3243 spiritum

316 3248 424 3337 tigisse
446 3248 621 3315 videbatur.
647 3248 801 3315 Sustinuit
823 3247 903 3315 invi·
952 3245 1094 3317 diueum
1112 3260 1213 3316 morte
1237 3248 1370 3323 luctans,
1387 3247 1444 3312 uisi
1461 3266 1540 3315 cum

318 3351 370 3408 cto
393 3352 522 3431 pectore
546 3340 731 3410 adaemone
754 3343 905 3409 excitatas
951 3353 1034 3411 esset
1052 3342 1142 3430 jussa
1156 3342 1247 3406 mori:
1269 3337 1388 3429 quippe
1417 3338 1540 3409 sciebat

315 3431 532 3505 adversitates.
572 3433 744 3503 Uberrimis
786 3434 904 3502 interea
950 3434 1127 3501 obedientia
1145 3431 1397 3521 nullumppouso
1415 3455 1538 3503 suces-

318 3528 436 3617 gratiae
485 3550 562 3595 suae
611 3527 702 3595 donis
741 3528 901 3595 victricem
949 3527 1112 3614 segratios
1123 3524 1323 3592 sacrificium.
1332 3527 1471 3615 Triginta
1482 3528 1537 3595 tri-

318 3642 468 3713 sponsam
491 3619 705 3712 locupletabat
723 3623 823 3688 lesus.
848 3622 904 3687 Sa·
952 3619 1013 3686 bus
1029 3618 1129 3698 anuis,
1142 3618 1260 3707 quibus
1278 3620 1537 3689 Praesidisobire

319 3715 382 3783 cris
406 3714 609 3805 stigmatibus
646 3736 715 3782 eam
739 3714 836 3781 tuisse
860 3712 902 3779 si·
947 3721 1053 3803 partes
1090 3714 1200 3778 coacta
1231 3723 1280 3781 est
1303 3713 1432 3782 traditas
1467 3716 1537 3803 ejus

303 3819 454 3898 ¹gnatam,
479 3812 619 3899 itemque
656 3828 774 3877 corona
795 3809 902 3897 spina·
947 3824 1044 3871 curae
1059 3823 1185 3872 sorores
1196 3805 1236 3873 ad
1248 3827 1374 3875 omnam
1392 3809 1539 3875 sauctita-

317 3924 390 3969 rum
413 3903 475 3970 alte
491 3902 697 3982 confixuram,
722 3911 753 3969 et
778 3897 900 3967 Passio·
945 3908 1009 3964 tem
1025 3917 1085 3964 suo
1102 3902 1271 3991 praecipue
1287 3902 1431 3989 exemplo
1461 3920 1538 3991 pro·

318 4016 367 4061 nis
392 3996 621 4087 msrgnrbusin
644 3994 742 4064 corde
771 3993 902 4060 decora-
949 3991 1041 4059 vexit.
1058 3992 1098 4059 Ut
1114 3994 1251 4082 patiendi
1279 3995 1359 4062 votis
1374 3993 1464 4061 lieret
1485 4013 1537 4060 sa·

317 4095 393 4168 tam,
416 4108 454 4155 ae
466 4089 597 4179 jugibus
620 4110 701 4181 pene
724 4084 898 4154 aestasibus
944 4086 995 4168 tis,
1009 4086 1203 4176 apoplexiae,
1228 4110 1292 4179 qua
1308 4085 1536 4175 correptaiuit,

316 4190 501 4265 recreatam,
529 4180 694 4273 multiplici
723 4178 900 4247 testimonio
946 4198 1108 4247 accessero
1125 4179 1226 4248 morbi
1237 4202 1336 4272 prope
1352 4182 1536 4272 omnesqui

317 4268 468 4345 traditum
507 4284 562 4344 est.
585 4276 672 4346 llaec
686 4274 792 4345 omnia
830 4294 897 4343 am·
945 4272 1140 4345 acerbissimi
1158 4273 1350 4377 Judicantur.
1374 4270 1537 4344 Sustinuit
