3584 5034
292 586 337 657 ao
553 621 559 632 ·
724 577 853 670 rosan
877 589 1094 680 nunaunurr
1191 641 1195 649 .

187 768 196 781 ,
242 755 244 758 -
337 699 399 792 Off.
414 699 452 770 de
470 701 555 772 Com.
572 701 660 793 ‘Confi
681 701 770 770 Pont.
782 723 878 792 proe-
924 700 987 769 bus
1010 701 1132 770 claruit.
1156 701 1308 772 Pluribus
1324 703 1453 772 Clericis
1469 726 1521 774 se

270 804 337 890 ,ter
370 815 417 877 ea,
444 804 520 883 ortae
557 792 607 864 tte
645 793 802 864 habeatur.
840 797 878 865 Ia
924 794 1107 885 quentibus,
1131 791 1163 863 in
1187 818 1301 866 navem
1325 797 1521 881 conscendit,

289 887 404 980 Hpmn.
428 887 542 958 Meruit
563 909 650 979 supr.
930 899 961 956 et
978 889 1063 957 liare
1077 888 1262 978 longissimo
1279 900 1380 960 tractu
1392 902 1440 959 est
1454 913 1521 960 me·
1658 924 1659 931 κ

476 990 478 996 ’
649 1007 652 1016 ·
926 983 1010 1050 titus.
1033 982 1250 1051 Brundusium
1265 983 1406 1074 denique
1419 1005 1522 1076 appu·

288 1025 416 1157 Beue,
441 1075 497 1166 qui
522 1071 563 1140 ad
580 1073 797 1143 illustrandam
819 1073 881 1142 Ec·
927 1074 1106 1165 lit„ibiq'ue
1128 1075 1239 1145 sedem
1264 1075 1341 1157 lixit,
1360 1077 1397 1145 et
1420 1076 1523 1146 dorni-
1602 1077 1605 1081 ’
1658 1142 1659 1151 ,

286 1167 419 1260 clesiam·
443 1179 529 1236 tuam
558 1168 690 1237 Beatum
720 1167 880 1236 ¹Lerrcium
927 1169 1045 1236 cilium.
1077 1169 1174 1260 hpud
1205 1171 1458 1260 Amphiteatrum
1491 1173 1523 1244 in
1658 1190 1659 1227 1

171 1291 175 1298 ·
286 1261 508 1334 Conlessorem
532 1267 635 1344 tuum,
653 1269 750 1349 atque
773 1259 892 1339 Ponti·¹
925 1260 1082 1330 suburbio
1107 1263 1225 1353 degens
1248 1264 1456 1333 Christianam
1473 1266 1524 1332 Fi·

285 1353 380 1423 ficem
403 1356 576 1425 innumeris
600 1354 756 1424 decorasti
779 1354 874 1422 mira·
921 1354 995 1424 dem
1020 1355 1176 1439 docebat,
1200 1356 1400 1450 edoctusque
1422 1358 1522 1426 sacris

284 1448 374 1516 culis:
399 1450 540 1530 concede
555 1447 722 1540 propitius3
740 1458 776 1515 ut
792 1447 875 1515 sicut
921 1451 1015 1538 aquis
1039 1449 1203 1518 lustrabat.
1228 1453 1295 1520 Nec
1311 1453 1354 1520 ad
1375 1454 1445 1540 ejus
1462 1450 1521 1519 do·

283 1543 352 1633 ipse
375 1542 537 1635 Fidelibus
557 1543 622 1610 tuis
658 1541 803 1628 Coelesti‚
834 1561 873 1609 ac
919 1544 1064 1632 ctrinam,
1080 1564 1119 1611 ac
1146 1547 1343 1614 sanctitatem
1371 1563 1522 1636 compro-

283 1644 409 1704 terreno'
443 1637 560 1708 auxilio
589 1633 708 1717 edidit,
733 1636 776 1702 ita
815 1654 875 1702 nos
921 1634 1060 1703 bandam
1092 1635 1455 1718 derueruntmtraeula
1487 1638 1520 1704 in

283 1750 417 1819 quoque
440 1731 509 1819 ejus
533 1727 813 1797 intercessionibus
844 1729 876 1794 in
924 1729 1164 1818 iisqueminime
1179 1739 1228 1797 est
1239 1730 1519 1820 praetereundum,

282 1832 447 1891 aeternum
470 1839 604 1912 regnare
642 1823 803 1914 possimus
841 1821 874 1890 in
921 1823 1062 1891 siccitate
1085 1821 1250 1890 biennium
1265 1822 1446 1910 laborantes
1470 1823 1519 1890 iu·

281 1913 394 1984 Coelis.
420 1917 481 1984 Per
503 1917 675 1986 Dominum
698 1922 759 1985 etc.
923 1915 1032 1996 colas,
1063 1916 1133 2003 ejus
1156 1915 1314 2005 precibus
1343 1915 1519 1983 maximum

348 2011 393 2077 IN
418 2010 546 2086 PRIMO
570 2008 804 2079 NOCTURNO.
921 2006 1056 2088 imbrem
1080 2006 1241 2090 habuisse3
1265 2030 1332 2099 quo
1355 2019 1520 2101 perpatra-
1658 2048 1659 2069 t

203 2112 210 2132 ⁸
312 2101 363 2171 'Ie
380 2102 517 2174 Gioitete
535 2102 778 2180 Fidelissermm
794 2095 877 2188 alibi
923 2109 957 2166 to
987 2097 1169 2184 miraculo,
1209 2102 1385 2172 Antiochus
1424 2100 1520 2174 Urbis

222 2205 224 2210 ’
278 2195 361 2263 Leot.
383 2197 421 2264 de
446 2197 518 2264 Sor.
541 2219 602 2264 oce.
628 2192 671 2262 si
700 2193 809 2262 celebr.
838 2190 875 2260 in
921 2194 1104 2263 Praefectus
1137 2215 1214 2263 cum
1248 2198 1358 2288 viginti
1397 2208 1521 2289 septem

278 2287 398 2368 Quadi.
423 2287 539 2358 Fidelis
562 2306 677 2356 sermo.
715 2327 720 2362 z
920 2287 1128 2357 Ethnicorum
1152 2289 1292 2359 millibus
1331 2289 1445 2360 Christi
1467 2289 1520 2357 ti-

282 2403 289 2422 ·
395 2383 440 2451 IN
464 2383 505 2449 11.
522 2379 755 2450 NOCTURNO.
902 2378 993 2449 'dem
1010 2383 1208 2472 amplexatus
1225 2395 1282 2451 est.
1299 2384 1338 2450 Hi
1355 2403 1432 2451 vero
1449 2402 1520 2449 om-

523 2478 610 2544 Lect
639 2495 681 2542 rr.
788 2479 790 2484 '
922 2496 982 2542 nes
1005 2475 1200 2542 Christianae
1223 2475 1298 2544 fidei
1321 2475 1561 2567 praeclarius'
1658 2476 1659 2509 r

277 2517 457 2652 Larcius,
465 2567 564 2661 quem
572 2565 781 2660 Euprescium
791 2585 873 2656 quc·
921 2563 1137 2645 testimonium
1161 2567 1297 2636 reddere
1326 2569 1515 2649 voluerunt,

268 2683 344 2756 ¹que
366 2664 524 2744 dixerunt,
549 2662 727 2732 Theodosio
756 2661 876 2728 Prinoi·
923 2661 1094 2752 Templum·
1114 2660 1331 2730 construendo
1347 2662 1406 2730 Dei
1422 2660 1517 2731 Geni-

154 2805 157 2812 .
268 2771 329 2848 pe,
363 2757 572 2829 Alexandriae
592 2783 594 2788 ·
611 2767 705 2824 natus
736 2765 793 2832 est.
825 2754 873 2821 ln
920 2754 1002 2837 trici,
1024 2755 1205 2824 ae'Sancto
1228 2756 1342 2825 loanni
1356 2756 1517 2848 Baptistae
1658 2756 1659 2795 ³

275 2852 383 2920 Sancti
413 2849 569 2922 Hermetis
592 2848 791 2918 Coenobium
814 2847 872 2915 ali·
919 2847 1106 2940 inscriptum
1130 2859 1228 2940 atque
1251 2847 1402 2934 dicatum.

267 2943 408 3035 ¹quaudo
432 2945 507 3013 cum
542 2942 675 3009 Parente
709 2939 873 3010 liudechio
966 2947 1000 3033 d.-
1023 2944 1134 3012 Posuit
1155 2942 1350 3032 adjutorium
1372 2954 1433 3012 etc.

266 3040 417 3122 ,secemit
441 3036 550 3126 ibique
572 3034 675 3102 sacris
697 3033 795 3101 literis
821 3055 877 3106 se·
909 3030 920 3050 ’
1165 3039 1251 3105 Leet.
1267 3057 1308 3106 rr.

276 3129 388 3200 dolam
418 3139 549 3223 operam
589 3126 725 3196 navavit.
761 3125 876 3195 Divino
924 3080 1161 3195 Brundusino
1179 3128 1332 3198 Pontifice
1355 3128 1421 3197 vita
1442 3127 1517 3196 lun-

253 3279 257 3286 .
277 3227 419 3295 consilio·
434 3221 617 3293 Sacerdotio
634 3220 784 3298 initiatus
802 3235 874 3286 vers
918 3229 984 3301 cto,
1007 3220 1077 3310 ipse
1100 3218 1268 3289 sufficitur.
1284 3222 1346 3288 Diu
1362 3220 1516 3287 multum„

268 3313 309 3384 ¹bi
332 3319 389 3387 Dei
412 3314 645 3412 praedicatione
661 3311 870 3402 Alexandriae
916 3334 982 3402 que
1004 3324 1191 3405 susceptum
1213 3335 1333 3382 munus
1355 3312 1516 3382 sanctissi-

275 3410 437 3481 Eeclesiae
459 3409 563 3480 fidelis
586 3407 771 3476 administer
799 3404 869 3487 luit,
916 3428 969 3474 me
992 3405 1100 3488 obivit,
1125 3419 1158 3477 et
1180 3407 1309 3476 tandem
1332 3407 1423 3476 tertio
1440 3405 1515 3474 idus

274 3503 358 3574 'tritae
381 3506 562 3584 sanctitate,
575 3521 613 3568 ac
635 3522 762 3568 morum
780 3500 870 3566 inno-
916 3500 1056 3567 ianuarii
1079 3501 1187 3570 vivere
1210 3500 1312 3570 desiit
1333 3500 1413 3590 Iljus
1441 3521 1515 3570 cor·

275 3599 379 3668 centia
401 3597 567 3691 praeluxit.
594 3593 703 3662 Plures
719 3591 760 3660 ad
779 3590 869 3660 Chri·
915 3614 978 3684 pus
1002 3595 1122 3675 Trano,
1140 3616 1213 3684 quo
1232 3593 1407 3685 aliquando
1435 3616 1512 3685 per·

273 3691 313 3761 sti
336 3690 433 3762 iidem
449 3690 613 3761 convertit:
625 3686 868 3778 AEthiopemque
914 3685 1014 3753 letum
1025 3686 1138 3770 iuerat3
1150 3691 1366 3757 Beneventum
1378 3685 1513 3780 adsper-

273 3805 525 3876 energumenum
540 3781 695 3852 liberavit.
719 3787 752 3864 rt.
776 3780 869 3848 luve—
916 3789 1023 3846 terunt
1046 3781 1247 3872 longobardi
1264 3782 1437 3873 Principes,
1454 3781 1512 3848 ibi-

215 3932 218 3938 .
273 3879 306 3949 ni
330 3880 433 3950 David
455 3889 514 3951 etc.
916 3875 1037 3962 quein
1062 3875 1197 3945 Sancme
1220 3875 1357 3969 Sophiae·
1381 3872 1511 3963 Templo

516 3973 600 4042 Leet.
630 3988 660 4036 r.
915 3963 1233 4039 honorificentissime
1290 3967 1511 4041 condiderunt.

274 4017 408 4135 Porro
430 4089 495 4146 non
525 4060 735 4135 Alexandriae
750 4058 867 4140 solum,
914 4059 1035 4130 Verum
1059 4072 1163 4131 tractu
1179 4065 1341 4157 temporis,
1356 4058 1509 4130 utbello-

274 4157 332 4228 sed
355 4169 388 4228 et
408 4158 483 4228 alibi
507 4160 589 4228 intra
611 4154 736 4250 AEgypti
760 4152 862 4233 fines,
912 4173 987 4221 rum
1009 4155 1250 4226 calamitatibus.
1263 4155 1509 4234 subduceretur,

267 4254 476 4335 ‚sanctissimis
499 4250 655 4334 moribus,
678 4267 716 4320 ac
744 4245 866 4318 virtuti·
914 4268 989 4339 pars
1027 4250 1163 4320 mamma
1202 4250 1244 4321 ad
1284 4246 1507 4322 ttmasterium
