3584 5034
627 640 753 710 rests
778 641 1023 714 sternutus
1373 645 1440 714 llll

239 755 385 824 Conteris
408 751 587 836 muudum,
609 751 730 822 rabiem
754 766 804 848 ty·
850 752 991 823 Vinculis
1015 772 1144 850 pressus
1168 750 1314 823 tenebras
1337 755 1439 846 iniqui

284 848 377 915 raoni
874 846 1016 916 Carceris
1032 848 1175 938 gaudens
1189 849 1318 938 pateris,
1339 858 1442 916 tuam-

240 942 370 1022 Tincis,
401 961 426 1008 o
450 949 585 1031 quantas
620 939 678 1008 tibi
717 959 807 1008 com·
924 962 989 1030 quo
1048 967 1062 978 ⁴·

286 1033 402 1126 parasti
878 1032 987 1100 Cernis
1002 1032 1042 1100 ad
1058 1032 1176 1102 luctam
1200 1033 1295 1100 simili
1311 1041 1441 1102 vocatos

375 1128 541 1216 Sanguine
563 1125 705 1217 palmas!
1017 1127 1108 1194 Sorte
1130 1126 1264 1194 sodales.

215 1219 263 1288 Sit
278 1217 377 1286 decus
392 1221 486 1300 Patri,
504 1222 692 1310 genitaeque
709 1217 804 1299 Proli,
853 1217 972 1297 Haesit,
987 1231 1019 1287 et
1036 1218 1135 1287 multo
1163 1220 1289 1288 tremuit
1312 1227 1443 1310 stupore

239 1312 278 1378 ltt
301 1311 357 1378 tibi
373 1333 504 1403 compar
520 1315 687 1402 utriusque
702 1314 805 1379 virtus
875 1310 1021 1384 Perfidus
1038 1311 1149 1401 juder,
1171 1312 1365 1403 [fremuitque
1389 1313 1443 1379 tri·

130 1430 131 1491 1
237 1404 377 1497 Spiritus
407 1427 557 1498 semper,
594 1408 681 1474 Deus
720 1426 806 1474 unus
923 1406 990 1485 stis,

130 1494 131 1505 ’
283 1498 371 1566 omni
582 1580 585 1584 ι
876 1497 990 1566 Milites
1013 1496 1125 1566 Christi
1149 1507 1297 1566 venerata
1325 1499 1443 1565 mirans

380 1590 544 1682 Temporis
567 1611 656 1659 aevo.
681 1596 784 1659 Amen
1018 1591 1083 1658 Ora
1107 1592 1256 1659 lerarum.

130 1668 131 1731 i
262 1679 292 1749 i.
316 1683 482 1770 'Gloriosus
496 1685 670 1777 apparuisti
683 1683 714 1776 in
730 1700 815 1752 ooo-·
856 1681 940 1751 Ense
956 1683 1238 1775 percussuscadis,
1255 1693 1287 1752 et
1302 1682 1443 1752 solutum

136 1785 139 1792 '
211 1785 329 1868 spectu
355 1778 489 1844 Domini.
802 1812 805 1818 ,
874 1776 1042 1868 Martyrem
1067 1778 1170 1845 carnis
1183 1777 1300 1867 laqueo
1323 1775 1364 1844 ad
1388 1796 1444 1844 co·

264 1871 299 1943 tl«
323 1870 491 1961 Propterea
513 1867 663 1938 decorem
703 1868 807 1938 induit
924 1890 1019 1937 rocas

213 1970 248 2032 te
271 1963 437 2032 Domitius.
877 1960 971 2029 Tollit
993 1971 1136 2030 aeternas
1159 1963 1255 2043 Deus,
1272 1972 1303 2029 et
1326 1961 1421 2030 beato

380 2057 431 2123 An
458 2054 644 2146 Mupuificot
1017 2055 1137 2123 Murice
1160 2056 1262 2122 vestit.

264 2146 390 2236 antiph.
413 2146 494 2214 Cum
516 2159 647 2215 sauctus
675 2147 808 2239 Episco·
854 2145 943 2228 Divo,
960 2147 1016 2239 qui
1034 2169 1147 2236 regnas
1164 2147 1443 2228 redimitusostrio,

130 2320 131 2323 Ἴ
215 2260 281 2330 pus
316 2235 488 2306 lanuarias
521 2239 688 2331 decapite
724 2239 809 2308 beati
878 2241 978 2320 Dive,
1003 2261 1100 2331 quem
1125 2252 1191 2310 toto
1229 2241 1364 2309 colimus
1387 2263 1444 2334 pa-

130 2332 131 2409 }
215 2333 303 2400 Sosii
327 2333 455 2399 Diaooui
480 2332 809 2422 EvangeliuminEc·
927 2343 1053 2400 tronum
1329 2359 1330 2364 ¹
1550 2337 1552 2347 “

220 2425 317 2500 clesia
340 2425 472 2514 legentis
492 2423 652 2493 flammam
687 2423 808 2494 videret
870 2426 988 2495 ‘Mentis
1013 2426 1138 2504 affectu,
1164 2425 1220 2494 tibi
1238 2426 1413 2497 dedicatam

215 2540 401 2608 exsurgere,
429 2519 599 2612 martyrem
612 2519 699 2586 illum
725 2520 811 2588 lutu-
1023 2521 1154 2608 Protege
1178 2519 1313 2610 plebem.

218 2633 293 2678 rum
316 2613 535 2704 praenuntiavit.
560 2612 704 2702 Alleluja.
854 2611 901 2679 sit
920 2609 1024 2679 decus
1041 2614 1134 2691 Patri,
1149 2615 1337 2702 genitaeque
1349 2613 1443 2693 Proh,

190 2734 192 2738 ·
296 2755 301 2762 -
460 2704 570 2775 Oratio
645 2736 647 2740 ·
878 2704 918 2771 Et
934 2702 988 2771 tibi
1005 2725 1136 2794 compar
1153 2706 1319 2795 utriusque
1334 2705 1447 2784 virtus,

220 2753 358 2877 Deus,
381 2798 438 2886 qui
459 2797 588 2864 damma
612 2799 694 2885 ignis
733 2795 810 2865 bea·
879 2797 1016 2888 Spiritus
1026 2819 1154 2888 semper,
1162 2799 1249 2866 Deus
1262 2819 1347 2865 unus
1358 2797 1446 2864 omni

217 2901 288 2970 tum
313 2889 596 2975 Sosiumhevitam
613 2900 704 2957 tuum
721 2911 813 2980 prae·
1022 2891 1186 2980 Temporis
1220 2911 1310 2959 aero.
1335 2893 1446 2960 Amen.

214 2983 347 3074 signasti
369 2995 553 3076 martyrem,
577 2981 670 3050 etad
692 2982 812 3072 passio·
981 2981 1025 3048 TN
1050 2983 1073 3049 1.
1101 2984 1324 3052 NOCTURNO

218 3098 295 3145 nem
313 3076 435 3143 invicta
460 3077 574 3144 virtuto
588 3075 753 3141 roborasti:
769 3074 812 3142 da
906 3072 1030 3164 Antiph.
1054 3076 1235 3168 Expectabo
1260 3079 1361 3146 Deum
1377 3074 1446 3142 Sal-

219 3167 324 3249 nobis,
349 3169 434 3237 illius
456 3190 592 3260 semper,
616 3179 648 3237 et
671 3167 817 3258 exempla
861 3178 1002 3246 valorem
1028 3171 1262 3239 meum:audiet
1280 3191 1341 3254 me.
1360 3170 1446 3237 Deus
1491 3205 1493 3210 ,

217 3263 344 3344 sectari,
361 3272 393 3330 et
406 3263 582 3355 patrocinio
605 3261 730 3329 muniri.
753 3264 813 3330 Per
859 3263 1139 3342 meus‚'Dominus
1163 3265 1219 3331 lux
1243 3285 1314 3332 mea
1336 3270 1392 3330 est.

221 3354 395 3424 Dominum
416 3367 477 3424 etc.
533 3386 536 3393 ¹
785 3389 804 3422 ι
906 3356 1030 3424 Psalm:
1051 3357 1081 3420 l.
1098 3358 1213 3434 Beatus
1226 3358 1287 3426 uir.
1304 3376 1376 3426 cum
1395 3376 1447 3422 re·

355 3450 411 3515 llll
436 3447 675 3518 MATUTINUM
789 3446 798 3504 ·ἶ
855 3445 909 3538 tiq.
933 3449 970 3516 de
994 3471 1102 3516 comm.
1125 3451 1281 3520 unMurt.
1407 3445 1409 3454 X
1515 3495 1546 3538 g

130 3612 131 3619 χ
268 3540 361 3610 lnoit.
402 3543 517 3624 Beatus
557 3541 662 3608 Levita
702 3540 813 3608 Sosius
907 3540 1032 3632 Antiph.
1057 3542 1122 3608 Erit
1152 3542 1207 3611 tibi
1237 3543 1390 3612 Dominus
1413 3541 1447 3607 in
1544 3563 1546 3568 ·

130 3668 131 3723 l
222 3633 396 3724 triumphat
417 3644 589 3702 coronatus
612 3636 645 3700 io
669 3631 809 3702 co‘e'lisz*
856 3632 961 3700 lucem
986 3636 1221 3726 sempiternam,
1244 3639 1379 3706 otDeus
1395 3644 1447 3710 lu-
1481 3687 1483 3692 ,

221 3725 333 3794 Venite
355 3724 527 3794 adoremus
550 3727 729 3797 Dominum.
857 3748 897 3794 us
923 3727 1110 3816 ingloriam
1136 3741 1234 3814 tuam,
1259 3750 1323 3798 non
1363 3725 1448 3795 occi·

444 3823 588 3909 Hymnus
858 3819 912 3887 det
936 3821 1017 3888 ultra
1040 3824 1087 3889 sol
1101 3835 1196 3892 ‘tuus

130 4000 131 4005 ἵ
209 3864 370 4004 ·8ρίτὶῑυ
414 3912 456 3978 ad
500 3911 608 3980 coelos
659 3908 807 3993 inhiante,
904 3914 1022 3981 Psalm.
1040 3917 1077 3982 vT.
1103 3918 1210 3996 Quare
1233 3916 1438 3982 fremuerunt.

281 4005 405 4098 poenis
580 4077 583 4081 ,
622 4093 625 4097 ¹
904 4005 1028 4095 Antiph.
1051 4009 1093 4076 Te
1117 4009 1190 4077 lecit
1211 4006 1321 4076 audire
1339 4004 1451 4072 Domi*

245 4097 530 4188 Laetusoccurris‚
545 4097 810 4186 satagisquelesu
858 4120 919 4168 nus
943 4118 1056 4168 vocem
1079 4123 1181 4184 suam,
1209 4111 1241 4170 et
1255 4098 1392 4167 ostendit
1407 4098 1445 4165 ti·

246 4192 347 4264 Fidus
369 4193 477 4262 eltaris
500 4193 639 4258 moriens
661 4190 800 4264 minister
857 4189 893 4258 bi
916 4194 1019 4282 ignem
1043 4217 1142 4263 suum
1178 4194 1375 4273 maximum,
1413 4201 1446 4260 et

291 4378 293 4385 Ι
385 4285 518 4356 Victima
534 4282 638 4378 Jungt
854 4284 973 4373 audisti
983 4285 1081 4359 verba
1092 4285 1343 4362 illiusdemedio
1357 4285 1445 4378 ignis.
