3584 5034
763 635 892 717 ¹FESTA
921 641 1123 722 lANUlel.
1439 639 1443 645 ’
1530 650 1554 715 ὅ
1625 699 1631 710 .

190 795 195 808 ·
321 761 396 853 lpse
417 769 525 830 autem
549 759 609 830 luit
632 757 786 830 secedens
810 760 842 828 in
861 769 916 830 so‘·
1176 759 1280 831 ‘Lect
1301 777 1331 826 v.
1392 781 1398 790 ·
1447 783 1452 792 ·
1545 809 1551 825 .

321 852 498 938 litudinem,
515 863 557 924 *et
572 851 719 924 adorans.
735 854 775 922 Et
790 855 914 924 iterum:
961 806 1079 923 Sicut
1130 873 1228 924 verus
1266 851 1411 924 Pontifex
1433 849 1553 923 obtulit

319 946 424 1015 linivit
446 946 479 1015 in
501 957 641 1017 montem
657 967 766 1028 orare,
795 956 827 1018 et
851 947 913 1015 luit
981 968 1079 1016 neces:
1103 966 1178 1014 unm
1203 947 1235 1014 in
1258 945 1431 1034 Evangelio
1445 965 1551 1035 »saepe

318 1049 511 1132 pernoctans
527 1041 559 1108 in
576 1039 800 1110 oratioue-Dei.
816 1039 913 1122 Quod
956 970 1076 1128 iegitur
1098 1058 1218 1118 orasse,
1241 1049 1274 1108 et
1297 1035 1553 1130 maxime'apud

294 1131 348 1200 'si
372 1130 425 1200 ille
447 1133 568 1216 orabat,
594 1134 650 1222 qui
678 1133 748 1201 sine
778 1143 910 1224 peccato
958 1134 1090 1214 Lucam,
1115 1131 1172 1222 qui
1197 1131 1376 1201 Sacerdotis
1392 1131 1425 1196 in
1439 1150 1480 1199 eo
1495 1128 1554 1204 do·

322 1234 400 1304 crat,
425 1237 545 1313 quanto
576 1225 685 1314 magis
726 1237 911 1316 peccatores
958 1225 1088 1316 scripsit
1111 1244 1289 1314 personam.
1314 1223 1377 1292 Sed
1402 1232 1434 1290 et
1457 1221 1553 1313 quid·

322 1326 458 1406 oportet
478 1317 611 1386 orare?
643 1318 689 1404 ,Er
723 1319 749 1386 si
774 1318 826 1387 ille
854 1339 914 1408 per
961 1317 1041 1408 quid
1065 1319 1134 1408 ipse
1158 1317 1221 1406 egit
1243 1319 1275 1384 in
1298 1338 1405 1398 carne,
1430 1335 1554 1406 preces,

322 1418 420 1477 totam
460 1421 586 1478 noctem
620 1411 740 1498 jugiter
780 1410 915 1500 vigilans
961 1421 994 1478 et
1032 1409 1302 1500 supplicationes·
1319 1409 1450 1478 suerunt
1477 1428 1554 1498 »pro

322 1503 480 1569 continuis
504 1501 654 1593 precibus
672 1502 793 1583 orabat,
810 1525 912 1593 quan-
961 1502 1156 1570 bominibus.
1191 1503 1269 1570 Tota
1308 1502 1372 1570 vita
1412 1520 1472 1569 sua
1495 1502 1555 1567 Pa-

321 1603 354 1660 ιο
393 1615 452 1662 uos
491 1595 592 1683 magis
623 1596 655 1683 in
679 1594 910 1684 frequentanda
957 1605 1053 1663 trem
1080 1594 1183 1663 oravit
1229 1593 1272 1663 de
1298 1593 1554 1661 resurrectione

319 1687 461 1754 eratione
485 1687 641 1756 debemus
671 1698 764 1757 nocte
803 1687 914 1778 vigila·
961 1689 1065 1756 carnis
1089 1708 1180 1768 suae,
1203 1708 1242 1756 ac
1265 1685 1308 1754 de
1330 1695 1438 1754 nostra
1468 1686 1556 1753 salu-

318 1779 387 1847 re?
412 1777 533 1847 Orabat
557 1790 664 1850 autem
692 1780 858 1862 Dominus,
883 1789 916 1850 et
960 1790 1005 1860 te,
1021 1791 1053 1847 et
1069 1781 1203 1848 instante
1215 1775 1557 1871 jampassioneobtu·

319 1869 453 1960 rogabat·
475 1891 540 1939 uon
563 1894 623 1964 pro
648 1894 692 1942 se:
718 1871 796 1964 quid
828 1873 914 1941 enim
962 1872 1000 1940 lit
1022 1872 1281 1964 supplicationes,
1306 1872 1388 1941 idest
1416 1871 1557 1939 humilli-

317 1985 377 2054 pro
400 1986 436 2032 se
460 1965 612 2033 innocens
626 1963 830 2069 prmaretur?
846 1965 911 2035 Sed
958 1986 1039 2046 mas,
1069 1975 1101 2033 et
1124 1965 1363 2032 instantissimae
1393 1964 1558 2032 orationes

318 2075 378 2147 pro
401 2055 524 2125 delictis
548 2061 673 2141 nostris,
697 2059 780 2127 sicut
795 2070 827 2126 et
842 2061 910 2150 ipse
957 2078 1042 2126 cum·
1064 2077 1192 2124 summa
1231 2057 1402 2126 devotione
1439 2055 1558 2135 cordis,
1621 2087 1631 2106 ·

318 2146 469 2228 declarat,
493 2170 569 2217 cum
593 2151 670 2219 dicit
700 2151 740 2218 ad
773 2153 911 2220 Petrum:
958 2161 991 2219 ct
1013 2149 1191 2230 affectione,
1223 2149 1355 2240 quando
1390 2147 1494 2218 lactus
1524 2149 1558 2215 in

318 2241 402 2309 Ecce
436 2241 568 2309 Satanas
607 2245 769 2334 expetivit,
792 2255 829 2311 ut
852 2265 911 2313 vos
957 2245 1072 2334 agonia
1099 2243 1255 2334 prolixius
1284 2241 1424 2323 orabat,
1447 2251 1481 2309 ct
1508 2240 1557 2307 sa·-

317 2342 446 2401 vexaret
468 2335 634 2423 quomodo
666 2337 813 2404 triticum:
847 2358 909 2426 ogo
957 2349 1030 2405 ctus
1052 2346 1102 2404 est
1122 2335 1225 2404 endor
1246 2337 1332 2425 ejus,
1352 2335 1441 2404 siout
1450 2344 1560 2424 guttae

317 2435 423 2494 autem
448 2429 556 2517 rogavi
580 2449 639 2521 pro
675 2441 717 2511 te,
749 2452 789 2498 ne
829 2427 909 2498 deli-
956 2426 1119 2518 sanguinis
1142 2427 1352 2499 decurrentis
1366 2429 1399 2495 in
1430 2437 1557 2498 terram.

316 2518 379 2586 ciat
402 2517 482 2588 lidos
520 2530 584 2588 tua.
628 2523 669 2590 Ει
701 2522 910 2613 postmodum
957 2523 997 2588 Et
1020 2522 1077 2588 has
1101 2540 1224 2611 preces,
1247 2521 1559 2610 supplicationesque

316 2631 376 2701 pro
400 2611 551 2682 omnibus
575 2617 700 2687 Patrem
719 2614 912 2707 deprecatur
959 2610 1101 2692 obtulit,
1125 2611 1205 2678 idest
1226 2612 1354 2679 obviam
1378 2613 1451 2678 tulit
1472 2612 1558 2678 Patri

316 2702 436 2772 dicens:
462 2726 527 2772 non
551 2728 611 2796 pro
635 2707 815 2775 bisantem
831 2727 912 2796 rogo
961 2726 1018 2794 per
1053 2701 1288 2771 exauditionem
1311 2702 1371 2769 sibi
1390 2703 1559 2782 obvianti,

316 2795 405 2876 solis,
428 2795 486 2864 sed
510 2809 542 2866 et
565 2815 625 2887 pro
650 2798 721 2878 illis,
747 2803 805 2889 qui
841 2818 912 2866 cre·
958 2795 1086 2864 Obtulit
1105 2815 1162 2863 eas
1182 2793 1229 2861 ‘ad
1251 2815 1338 2874 eum,
1362 2796 1419 2886 qui
1450 2805 1559 2885 posset

318 2884 415 2952 dituri
439 2899 514 2955 suut
537 2909 595 2978 per
618 2888 754 2957 verbum
771 2893 915 2982 ipserum
963 2889 1053 2956 illum
1076 2909 1096 2955 a
1119 2897 1222 2955 morte
1260 2887 1385 2955 salvum
1426 2889 1558 2967 lacere,

247 3003 250 3010 ⁴
322 2979 355 3044 iu
379 2999 441 3061 me,
466 2989 503 3046 ut
526 2998 638 3050 omnes
661 3003 762 3050 unuru
778 2984 850 3063 sint,
873 2982 916 3050 si·
963 2981 1046 3050 idest
1067 2981 1266 3062 resuscitare,
1292 2980 1333 3048 ad
1357 3003 1559 3071 comunem

318 3081 434 3140 cuttu
449 3073 551 3142 Pater
573 3075 604 3142 in
629 3096 691 3155 me,
732 3085 764 3144 et
787 3093 847 3166 ego
879 3076 912 3142 in
956 3075 1048 3144 scivit
1074 3091 1146 3142 esse
1169 3072 1378 3153 sufficientem
1395 3084 1433 3142 ut
1456 3073 1560 3143 salva-

316 3173 357 3246 te,
383 3173 420 3232 ut
442 3176 474 3233 et
489 3165 547 3258 ipsi
564 3167 597 3234 in
612 3167 705 3238 nobis
720 3189 821 3236 unum
839 3168 911 3237 sint.
957 3177 1007 3237 ret
1035 3189 1125 3245 eum,
1145 3165 1227 3235 idest
1245 3166 1500 3247 immortalem,
1526 3178 1559 3239 et

363 3267 399 3345 n.
421 3258 543 3340 Simon,
568 3260 679 3329 Simon
718 3279 795 3330 ecce
818 3263 908 3329 Sata-
956 3259 1187 3351 impassibilem
1211 3258 1559 3352 laceret'eripiendo‘a

316 3371 375 3421 uas
397 3352 548 3442 expetivit
570 3373 640 3434 vos,
681 3361 718 3420 ul
751 3353 909 3422 cribraret
956 3363 1075 3432 morte,
1100 3360 1137 3418 ut
1159 3370 1221 3418 nec
1246 3351 1353 3419 anima
1382 3362 1560 3421 remaneret

316 3443 400 3512 sicut
424 3445 562 3514 triticum
579 3443 600 3489 Ῥ
617 3447 685 3536 Ego
708 3456 815 3513 autem
855 3465 907 3514 ro·
956 3445 989 3512 iu
1036 3444 1171 3526 inferno,
1195 3465 1255 3513 uec
1289 3463 1366 3514 caro
1395 3455 1560 3538 putresce-

315 3536 387 3622 gavi
410 3558 471 3628 pro
494 3549 535 3622 te,
559 3549 686 3608 utnon
715 3533 843 3608 deficiat
874 3536 913 3606 fi·
958 3546 1007 3606 ret
1031 3538 1063 3606 in
1086 3537 1270 3630 sepulcro·
1302 3569 1306 3578 ·

317 3625 375 3694 des
399 3639 480 3696 tuas
937 3669 951 3696 ο
1008 3632 1043 3709 b.
1065 3631 1179 3702 Oratio·
1213 3630 1406 3700 humiliantis
1427 3650 1464 3697 se
1498 3651 1560 3697 uu·

362 3717 392 3786 i.
416 3721 456 3788 lit
477 3732 512 3792 tu
528 3722 705 3815 aliquando
721 3742 910 3822 couversos,
960 3719 1019 3792 bes
1047 3722 1270 3814 penetrabit*
1296 3726 1336 3790 ιιι
1358 3722 1462 3790 donec
1484 3742 1561 3815 pro-

316 3810 473 3906 confirma
495 3816 608 3886 lrntrcc
631 3827 716 3885 tuos.
745 3833 747 3838 ·
958 3815 1095 3908 pinquat
1117 3835 1184 3884 nou
1205 3813 1431 3885 consolabitur.
1477 3833 1491 3859 ⁴

358 3905 432 3994 'Ego
456 3915 588 3978 autem'
714 3981 716 3989 ,
763 3973 765 3978 .
1004 3915 1035 3981 ι.
1060 3909 1099 3977 lit
1122 3930 1188 3977 non
1211 3905 1353 3976 discedet
1375 3905 1479 3976 donec
1503 3907 1559 3974 Al-

334 4057 335 4060 ,
361 3997 676 4070 &Commentariis
709 4000 816 4070 Sancti
846 4005 912 4072 Au·
959 3999 1099 4070 tissimus
1122 4002 1262 4092 aspiciat.
1283 4000 1323 4065 llt
1340 3997 1464 4068 'donec

315 4089 593 4185 stimi-Episcopi.
953 4138 955 4144 -
1206 4095 1289 4160 Lect.
1312 4111 1353 4159 rr.

354 4197 356 4204 '
518 4221 520 4228 ·
564 4209 567 4220 ·
656 4212 658 4222 ·
692 4213 696 4220 ·
964 4141 1558 4254 Erobrulithascumclammeva-

355 4291 358 4296 '
386 4277 544 4370 In'Epn's't.
557 4279 709 4355 athelr.
725 4303 792 4373 cop.
813 4279 862 4348 5.-
960 4277 1055 4361 lidc,
1082 4277 1164 4348 idest
1185 4296 1261 4346 cum
1293 4279 1462 4349 intentione
1484 4274 1559 4364 piae
