3584 5034
738 622 864 692 FESTA
888 622 995 693 JULH
1410 624 1476 689 425

251 737 323 819 v'eti,
340 757 378 805 no
394 733 517 827 absque
530 744 684 827 potestate
700 736 835 817 fuerent,
1006 735 1109 825 Capit.
1219 732 1304 802 Mi.
1329 734 1383 800 48.

249 831 446 922 propositum
472 841 576 898 tamen
599 829 780 898 habuerunt
795 828 836 897 eb
883 780 1055 898 Surrexit
1078 827 1163 895 Elios
1186 824 1344 917 Propheta
1382 828 1474 916 quasi
1505 862 1511 873 ι

249 923 408 990 idolorum
432 924 520 989 cultu
553 924 709 1014 populum
733 924 838 1014 eripe·
885 922 976 1011 ignis,
1001 933 1032 990 et
1056 921 1189 989 verbnm
1203 921 1413 1011 ipsiusquasi
1429 920 1476 987 ia·

249 1038 291 1083 re:
321 1038 459 1107 quorum
484 1018 561 1083 alter
586 1016 694 1084 tardus
719 1017 837 1106 tingue,
885 1016 961 1083 outa
982 1014 1124 1095 ardebat,
1147 1016 1203 1105 qui
1231 1013 1355 1080 induxit
1370 1015 1400 1079 in
1418 1034 1477 1105 po-

247 1119 281 1177 et
303 1130 383 1178 voce
409 1112 520 1189 tenuis',
544 1110 623 1177 aiter
646 1112 739 1178 etiem
781 1110 837 1177 ali·
885 1108 981 1197 pulos
1005 1108 1131 1190 tamem,
1150 1118 1180 1175 et
1204 1108 1360 1175 irritantes
1389 1106 1478 1176 iilum

248 1202 436 1292 quomodo
461 1205 616 1281 rusticior,
641 1216 672 1271 et
701 1215 838 1293 uterque
885 1202 1003 1268 invidia
1026 1222 1086 1268 sun
1109 1202 1205 1291 pauci
1228 1200 1302 1269 fanti
1325 1209 1410 1269 sunt

247 1296 459 1363 saecularium
484 1297 665 1365 divitiarum
701 1298 844 1386 apprime
1115 1296 1259 1384 Hymnus

246 1386 454 1479 contemptor.
479 1392 558 1457 Nam
585 1412 694 1480 neque
719 1392 843 1481 Moyses
894 1342 970 1455 Te
985 1407 1106 1475 ruegne
1129 1408 1237 1454 rernm
1267 1384 1413 1455 eonditor

245 1481 423 1572 quidquam
449 1484 642 1575 possidebat,
668 1504 727 1552 neu
753 1484 839 1549 Elias
910 1480 998 1547 Mens
1023 1490 1130 1559 nostre
1152 1479 1256 1568 gliscit
1278 1477 1428 1548 laudibus

245 1591 371 1666 praeter
388 1577 535 1645 melotem
551 1578 671 1669 aliquid
690 1575 834 1644 habebnt:
905 1573 941 1639 ln
968 1571 1030 1640 boo
1055 1571 1200 1641 Thesbite
1223 1574 1373 1655 maximo,

244 1671 429 1755 praesertim
471 1691 546 1738 oum
586 1674 701 1741 veteris
732 1677 838 1739 esseut
907 1668 1011 1745 Quem
1035 1664 1140 1754 diligis
1162 1666 1323 1735 extollere.

132 1846 133 1849 Ἴ
245 1764 444 1844 Testamenti,
470 1785 529 1831 neo
553 1775 639 1832 tanta
670 1765 769 1855 gratia
792 1763 835 1831 si·
883 1760 942 1825 Hie
968 1780 1106 1848 namque
1127 1760 1212 1826 seori
1237 1759 1374 1827 nominis

244 1875 379 1945 gnorum
403 1856 568 1948 pollerent.
905 1852 964 1920 Tui
988 1851 1106 1917 zelator
1128 1862 1286 1941 provocat

903 1945 998 2013 Vates
1020 1944 1092 2013 Beni
1117 1944 1341 2035 nequissimos,

326 2054 330 2061 ·
397 2004 460 2071 AD
492 2004 683 2075 [ΝΜ
907 2038 1081 2128 Viotosque
1098 2038 1173 2126 jure
1196 2036 1356 2106 interficit.

424 2130 465 2196 m
486 2151 545 2217 per
568 2132 662 2198 ieros
884 2130 945 2201 lllo
968 2129 1119 2222 precante
1142 2131 1286 2199 uictimas

290 2218 414 2310 Antipb.
440 2220 535 2303 snas,
559 2222 644 2290 dum¹
675 2221 755 2290 zelat
784 2242 836 2290 ze-
905 2224 1054 2292 rtbsumit
1077 2224 1159 2313 ignis
1181 2225 1326 2293 coelitus:

132 2352 133 2357 =
246 2314 315 2383 lum
327 2315 416 2401 legis,
433 2326 581 2407 reoeptus
596 2328 645 2384 est
661 2315 838 2383 insuetum.
911 2318 950 2384 Hi
976 2326 1212 2410 perstrepentes
1234 2318 1349 2388 acriter

295 2408 413 2477 Psotm.
430 2408 584 2478 Dominus
601 2410 751 2499 regnavit,
767 2430 838 2477 uum
907 2410 988 2479 Sunt
1012 2411 1161 2479 omnibus
1185 2410 1334 2480 ludibrio.
1415 2471 1418 2477 .

246 2499 387 2589 reliquis,
413 2512 446 2569 nt
470 2502 505 2569 in
529 2502 706 2573 Dominioo.
887 2504 967 2571 Tum
992 2504 1150 2573 iesabetis
1173 2505 1288 2595 impiae

297 2594 420 2681 Anttpb.
462 2597 593 2665 Festum
634 2606 682 2665 est
719 2604 838 2677 autern
892 2597 1020 2665 ¹vitans
1045 2596 1185 2666 furorem
1210 2601 1341 2665 noxium

247 2707 321 2755 oum
346 2686 452 2755 levare
476 2690 569 2757 vellet
592 2691 748 2757 Dominus
776 2689 839 2755 Eti-
910 2688 979 2757 Sub
998 2690 1148 2780 junipero
1172 2689 1335 2757 dormiens

248 2800 300 2847 ern
340 2801 398 2869 per
437 2780 595 2850 turbinem
636 2784 668 2851 in
703 2782 842 2864 coelum,
915 2782 1037 2850 Adesse
1060 2783 1160 2849 cernit
1182 2785 1350 2871 Augetum.

248 2872 338 2941 ibant
362 2872 457 2954 Elias,
481 2884 513 2941 et
536 2875 679 2943 Elisaeus
704 2872 745 2941 de
768 2874 842 2941 Gal·
890 2876 1008 2943 Panem
1034 2874 1097 2943 sibi
1120 2879 1179 2965 qui
1202 2878 1366 2967 protereus
1463 2916 1468 2925 ·

249 2967 338 3057 galis.
912 2966 1164 3061 Lymphamque,
1184 2970 1283 3059 jussit
1305 2992 1437 3062 pergere

296 3059 421 3150 Antrpb.
462 3060 546 3127 Tulit
579 3059 663 3127 Elias
708 3059 840 3149 pallium
912 3060 992 3129 Cibo
1016 3062 1173 3153 repletum
1189 3076 1318 3133 strenue

247 3174 356 3231 suum,
381 3165 412 3223 et
435 3154 593 3245 peroussit
615 3175 726 3243 aquas,
744 3163 776 3221 et
792 3152 839 3219 di·
910 3154 960 3221 Ad
983 3157 1098 3223 montis
1115 3156 1223 3225 Horeb
1258 3163 1418 3228 verticem,

250 3247 336 3315 sisae
359 3258 444 3327 sunt,
469 3258 501 3315 et
523 3246 716 3315 transierunt
744 3245 841 3315 ambo
888 3248 959 3315 Hoc
983 3249 1113 3323 incibo
1133 3250 1291 3337 jejunium

251 3343 506 3432 persiccum..
833 3378 835 3381 ·
915 3340 998 3408 Tulit
1022 3341 1321 3430 quadragenarium:

296 3434 420 3523 Antt'pb.
446 3434 526 3501 Cum
551 3434 647 3514 Elias,
671 3443 703 3502 et
726 3434 843 3503 Elisae-
914 3433 981 3499 Hac
1006 3435 1036 3500 vi
1062 3432 1161 3523 dapes
1184 3447 1258 3503 sunt
1285 3438 1471 3529 praeditae,

250 3546 291 3593 us
315 3538 490 3615 pergerent,
515 3536 546 3595 et
571 3527 755 3597 incedentes
777 3549 844 3595 ser·
914 3528 1002 3607 Quas
1026 3526 1137 3595 dextra
1161 3529 1217 3596 Dei
1243 3532 1383 3622 porrigit
1472 3536 1479 3551 '

252 3621 498 3701 mocinarentur,
523 3643 599 3690 eone
622 3642 738 3689 currus
754 3622 841 3709 igne·
888 3620 1001 3687 Omnis
1023 3619 1077 3690 tibi
1103 3623 1144 3689 sit
1168 3622 1269 3712 gloria

250 3735 309 3795 us,
352 3723 385 3781 et
429 3715 503 3805 equi
544 3714 628 3803 ignei
666 3714 844 3783 diviserunt
914 3712 1065 3795 Verbum,
1091 3715 1191 3797 Pater,
1218 3717 1380 3799 Paraclite,

252 3817 437 3896 utrumque.
897 3805 1096 3896 'inseparata
1121 3810 1263 3891 Trinitas,

300 3901 425 3991 Antipb.
462 3899 612 3969 Ascendit
656 3898 739 3967 Elias
785 3919 842 3989 per
912 3901 1003 3980 Quae
1025 3900 1194 3968 condidisti
1220 3904 1335 3970 omnia.
1360 3907 1470 3971 Amen

251 3993 410 4062 turbinem
451 3996 482 4061 in
521 3995 656 4063 coetum:
697 3994 838 4061 Etisaeus
885 3992 915 4060 ri.
939 3992 1079 4059 Etiss'in
1105 3994 1233 4065 turbine
1255 4007 1361 4065 tectus
1384 4007 1444 4065 est

252 4087 508 4170 sutemvidebat,
525 4098 558 4157 et
572 4085 736 4155 clamabat:
749 4090 841 4155 Pater
887 4087 919 4165 d.
943 4086 983 4152 ot
1007 4086 1038 4151 in
1062 4086 1186 4155 Etisaeo
1217 4092 1395 4183 complutus
1434 4100 1484 4159 est

252 4182 306 4265 mi,
329 4182 577 4279 ourrus‘Isruel,
593 4192 625 4255 et
638 4181 749 4273 surige
763 4181 842 4269 ejus.
962 4178 1097 4272 Spiritus
1118 4181 1198 4269 ejus.
