3584 5034
292 684 294 695 .
342 630 385 702 aa
800 580 928 701 naam
943 631 1100 702 ⁴umm-

387 747 419 824 m
443 738 601 809 Emundat
616 762 675 812 nos
689 738 731 809 ab
747 742 833 809 omni
848 763 925 836 pen*
1021 751 1052 827 a.
1075 744 1119 811 br.
1147 743 1291 815 Christus
1316 744 1424 816 driexit
1441 768 1510 833 nos,
1527 761 1559 821 et

342 845 439 913 cato„
710 918 713 923 ι
970 836 1047 905 lavit
1079 857 1138 905 nos
1161 837 1183 881 *
1218 840 1256 907 In
1292 844 1447 933 sanguine
1484 865 1553 913 suo.

409 929 459 997 Aa
477 928 619 1019 Statum,
640 926 763 1019 hariph.
973 931 1144 1002 ChrIstuss

385 1020 462 1091 Ideo
485 1031 569 1091 sunt.
1018 1030 1047 1095 ii.
1071 1025 1110 1089 Et
1133 1024 1206 1092 iecit
1244 1047 1303 1094 nos
1342 1049 1486 1117 regnum,
1524 1037 1554 1098 et

575 1115 676 1207 Capit.
769 1115 861 1183 Hehr.
891 1114 923 1179 9.
969 1116 1150 1184 sacerdotes
1174 1120 1251 1201 Deo,
1275 1131 1307 1188 et
1323 1121 1414 1189 Patri.
1429 1122 1466 1190 ln
1483 1144 1554 1190 san-

339 1160 401 1273 St·
423 1210 551 1299 sanguis
575 1209 747 1289 hircorum,
765 1218 796 1275 et
812 1218 920 1275 tauro·
968 1210 1065 1299 guina
1089 1230 1158 1277 suo.
1480 1250 1516 1275 a

337 1322 420 1383 rum,
444 1311 476 1370 et
499 1302 578 1371 cinis
616 1302 734 1371 vitulae
772 1321 921 1393 aspersus
1016 1303 1122 1370 Gloria
1147 1306 1237 1372 Patri.
1264 1303 1416 1375 Christus.

232 1438 233 1451 r
336 1395 518 1485 inquinatos
542 1394 719 1465 sanctificat
740 1392 782 1461 ad
805 1416 920 1463 emun-
1011 1396 1217 1472 mestificati
1234 1399 1551 1489 insanguineChristi.
1661 1385 1662 1462 i

229 1560 234 1583 N
336 1486 493 1557 dationem
518 1490 631 1572 carnis,
666 1498 786 1577 quanto
820 1488 920 1577 magis
1012 1494 1043 1571 a.
1068 1490 1152 1557 Salvi
1175 1495 1296 1560 erimus
1324 1494 1366 1561 ab
1406 1494 1453 1562 ira
1497 1516 1553 1588 per
1661 1515 1662 1560 t

333 1582 465 1671 sanguis
480 1581 606 1662 Christi,
627 1583 685 1671 qui
699 1602 757 1670 per
768 1581 925 1671 Spiritum
966 1582 1081 1673 ipsum.

335 1674 486 1742 Sanctum
517 1676 720 1766 semetipsum
737 1672 921 1741 obtulitim-
1011 1675 1554 1767 Jnsemnnz·sVesp.A-nripa·1³atm.
1661 1717 1662 1766 r

335 1768 528 1835 maculatum
551 1768 630 1849 Deo,
643 1765 827 1837 emundabit
843 1787 921 1835 oon-
966 1778 996 1835 et
1017 1770 1134 1857 Hymn.
1155 1780 1189 1837 ut
1213 1768 1399 1861 inprimis,
1419 1774 1475 1839 sed
1490 1774 1555 1842 tom

335 1859 497 1943 seientiam
521 1870 660 1930 nostram
689 1860 729 1928 ab
771 1858 921 1951 operibus
969 1858 1077 1928 ultimi
1099 1862 1186 1931 Psoi.
1210 1862 1339 1931 dieitur.
1369 1863 1479 1931 Lauda
1503 1869 1556 1935 Ja-

334 1955 478 2037 mortuis‚
503 1948 768 2023 ad'serviendum
792 1955 859 2019 Deo
876 1953 922 2022 vi·
970 1952 1106 2021 rnsalem
1130 1955 1309 2024 Dominum.
1333 1952 1388 2043 qui
1416 1968 1462 2024 est
1498 1980 1557 2047 pn-

228 2082 233 2093 ·
335 2046 467 2119 venti?
781 2096 783 2103 .
967 2055 1099 2115 stremus
1120 2045 1555 2137 Mansuetiana.
1661 2041 1662 2048 ἵ

380 2142 412 2218 h.
447 2140 492 2207 br.
530 2140 664 2229 Sanguis
702 2141 778 2207 Jesu
806 2136 920 2206 Christi
1012 2142 1042 2207 a).
1059 2141 1102 2209 'ie
1117 2160 1194 2231 ergo
1217 2162 1414 2231 quaesumus
1431 2143 1495 2211 tuis
1510 2142 1558 2211 fa·-

334 2230 406 2301 Fiiii
417 2232 474 2299 Dei
491 2230 762 2301 *Emundatnos
776 2231 922 2321 Sanguis
967 2234 1065 2301 mulis
1091 2233 1237 2303 subveni.

334 2324 387 2395 ab
407 2326 491 2395 omui
518 2336 659 2417 peccato.
676 2324 834 2396 Emundat
850 2345 918 2393 nos.
1012 2330 1043 2401 h.
1083 2329 1172 2408 Quos
1215 2329 1354 2420 pretioso
1399 2331 1554 2420 sanguino

381 2417 488 2486 Gloria
503 2420 595 2486 Patri.
613 2420 755 2507 Sanguis.
967 2417 1136 2487 redemisti.
1415 2479 1421 2489 .
1448 2490 1451 2497 ,

377 2520 408 2593 7).
432 2512 574 2581 Christus
602 2511 709 2581 ditexit
733 2534 802 2581 nos.
849 2546 852 2552 ·
1046 2513 1097 2579 Ad
1121 2511 1314 2600 anm’ficnt,
1347 2510 1473 2603 hariph.
1514 2547 1516 2552 ·

372 2605 612 2687 'itlitlavitnos
628 2608 661 2675 in
678 2609 911 2695 sanguinesuo.
1009 2602 1171 2671 Habebitis
1195 2614 1302 2672 autem
1342 2604 1428 2672 hune
1466 2604 1553 2675 diem

447 2703 499 2771 Ad
513 2700 646 2783 Nouum,
677 2700 800 2791 Antiati.
962 2700 995 2764 in
1009 2704 1270 2779 'monumentum
1295 2708 1327 2766 et
1350 2696 1553 2767 celebrabitis
1661 2703 1662 2710 ’

378 2794 474 2861 Beati.
966 2812 1043 2860 eum
1066 2789 1240 2858 solemnem
1265 2792 1400 2860 Domino
1427 2793 1461 2858 in
1500 2813 1556 2881 ga-

579 2884 681 2973 Oopit.
777 2885 871 2953 Heba.
889 2886 920 2952 9.
970 2883 1184 2953 nerationihus
1205 2886 1317 2954 vestris
1346 2884 1436 2955 cultu
1470 2906 1554 2955 sem·
1661 2917 1662 2928 ¹

335 2928 533 3067 Accipiam
570 2976 696 3066 Moyses
734 2997 790 3065 san
814 2981 923 3047 uinem
969 2982 1104 3071 piterno.

331 3070 515 3150 vitulorum,
565 3077 598 3135 et
638 3066 799 3136 hircorum
848 3091 924 3139 oum
1020 3073 1107 3139 Orat.
1131 3070 1339 3163 Omnipotens
1362 3070 1553 3161 sempiterne
1661 3095 1662 3144 1

330 3184 427 3254 aqna,
449 3172 481 3231 et
504 3161 575 3228 lana
598 3161 756 3241 coccinea,
780 3170 812 3227 et
842 3160 918 3254 hys·
964 3164 1060 3231 Deus.
1084 3174 1245 3251 utsupra.

330 3276 422 3348 sepo,
446 3256 550 3348 ipsum
575 3275 706 3345 quoque
730 3252 856 3333 librum,
883 3265 915 3322 et
1011 3257 1129 3325 Gomm.
1152 3255 1261 3345 serina.

331 3368 458 3418 omnem
476 3348 631 3441 populum
643 3349 785 3439 aspersit,
801 3345 920 3414 dicens:
1146 3346 1373 3417 NOTANDUM

330 3439 817 3532 hiosanguistestamenti,quod
830 3461 919 3507 man·
1017 3444 1167 3531 Tempore
1205 3437 1356 3509 Paschnti
1391 3452 1560 3515 seruentur

329 3533 416 3604 davit
439 3536 480 3604 ad
504 3554 562 3603 vos
585 3536 679 3602 Deus.
962 3526 1120 3616 rubricae,
1143 3544 1177 3601 ut
1200 3529 1238 3601 in
1260 3529 1439 3603 Breot‘nrio.
1527 3623 1532 3631 ἢ

681 3720 896 3839 FESTA
938 3718 1204 3844 APRILIS

546 4072 616 4175 nin
641 4106 696 4175 20.
1010 4099 1128 4170 Omm'n
1149 4103 1187 4171 de
1213 4104 1332 4175 Corum.
1353 4100 1449 4171 uniar
1458 4101 1555 4171 Mur-
1661 4033 1662 4118 i

336 4206 339 4215 '
480 4201 514 4269 S.
538 4200 643 4271 aaran
666 4198 700 4266 Ε.
724 4197 763 4271 Μ.
963 4194 1044 4287 tyris
1061 4208 1190 4286 praeter
1210 4218 1334 4288 seqrtai.

559 4294 682 4385 duplam
1008 4288 1193 4380 Inprimis,
1216 4288 1393 4361 maamad.
1426 4290 1554 4383 Vesper.
