3584 5034
297 596 342 664 ac
594 593 596 596 ’
725 571 854 664 rnsrr
877 595 1096 699 runnunurr

296 705 420 802 Aulide
443 706 483 778 Et
497 711 650 779 exuentes
664 729 750 790 eum,
762 708 883 802 clamyr
1095 713 1212 782 comm.
1231 712 1361 782 'Farina

296 800 882 889 demooccineumcircumdederuntci
1092 807 1148 874 AD
1178 807 1354 874 llllllllll
1422 819 1426 824 ’

340 895 517 989 Attapinllt
531 897 705 988 plectentes
730 897 887 964 Coronam
979 898 1104 989 Autr’pln
1129 899 1168 966 Et
1191 910 1343 969 exuentes
1364 922 1448 968 eum.

296 985 457 1080 despuis
484 1003 662 1082 posuerunt
677 1013 774 1083 super
790 1001 887 1082 caput
951 1023 954 1029 ·
983 991 1316 1082 Capituligredimini,
1345 1003 1382 1076 u‘t
1415 1018 1521 1087 sopra.

289 1081 373 1170 ejus,
387 1082 611 1154 etarundinem
619 1086 651 1153 in
663 1084 792 1153 dextera
802 1086 880 1173 ejus.
974 1087 1007 1163 D·
1030 1087 1130 1155 broce.
1145 1088 1244 1153 Tuam
1256 1088 1424 1170 Coronam;
1443 1091 1464 1132 ³¹⁶
1481 1098 1523 1156 A·

339 1178 465 1267 Antiplr.
489 1179 528 1244 Et
545 1211 548 1216 ·
567 1200 650 1268 genu
691 1178 772 1248 flexo
807 1189 880 1248 ante
928 1175 1080 1248 duramus
1092 1181 1235 1248 Domine.
1249 1181 1349 1247 'luam
1361 1202 1522 1252 coronam.

292 1289 377 1351 eum,
390 1269 567 1340 illudebant
588 1275 628 1355 ei,
644 1271 794 1353 dicentes3
812 1275 881 1342 Ave
973 1279 1002 1344 ri.
1028 1274 1128 1341 Tuam
1152 1273 1325 1362 gloriosam
1349 1277 1522 1346 recolimus

291 1361 357 1430 llex
381 1363 588 1434 ludaeorum.
926 1365 1119 1434 Passionem.
1159 1366 1340 1435 Adoramos
1377 1367 1522 1440 Domine.

337 1458 461 1546 Antiplr.
486 1460 525 1526 Et
548 1468 721 1550 expuentes
745 1460 776 1528 in
793 1482 879 1543 eum,
928 1457 1154 1529 Gloria'Patri.
1179 1463 1277 1529 'luam
1303 1462 1470 1530 Coronam.

290 1562 484 1641 acceperunt
499 1553 698 1636 arundinem,
715 1565 747 1623 et
761 1559 878 1646 percu·
971 1556 1000 1621 l.
1026 1554 1146 1635 Gloria,
1167 1555 1337 1623 ethonore
1361 1557 1521 1626 coronasti

279 1639 409 1710 sitiebant
418 1655 516 1736 caput
537 1646 617 1735 ejus
924 1667 999 1718 eum
1023 1648 1169 1714 Domine.

497 1740 599 1831 Capit.
743 1745 831 1814 Curat.
852 1744 882 1810 3.
975 1746 1007 1819 ri.
1030 1742 1070 1807 lit
1104 1739 1293 1808 constituisti
1315 1758 1392 1812 eum
1423 1763 1522 1832 super

289 1780 520 1919 Egredimini,
575 1845 608 1904 et
646 1834 752 1904 videte
796 1837 881 1906 filiae
928 1841 1028 1926 opera
1052 1853 1206 1900 manuum
1232 1842 1368 1899 tuarum.

280 1924 365 1994 ¹Sion
388 1947 495 2016 regem
519 1928 723 1998 Salomonem
756 1931 788 1996 in
809 1929 879 1996 dia-
1098 1927 1153 1991 AD
1178 1925 1350 1991 SEXTAM.

287 2015 422 2104 demate,
465 2043 532 2112 quo
579 2023 743 2090 coronavit
789 2022 880 2088 illum
952 2019 1079 2109 Antiph.
1095 2019 1134 2085 llt
1149 2018 1324 2110 plectentes
1350 2018 1519 2086 Coronam.

285 2124 388 2181 mater
411 2136 470 2181 sua
493 2115 526 2182 in
543 2114 603 2182 die
626 2114 878 2205 desponsationis
959 2146 961 2149 ·
1083 2113 1187 2202 Capit.
1327 2112 1423 2201 Apoc.
1440 2117 1480 2180 o.

286 2202 418 2286 illiceat
430 2207 462 2273 in
473 2205 525 2275 dio
536 2206 670 2276 laetitiae
681 2206 787 2275 cordis
797 2209 876 2296 ejus.
925 2156 1030 2274 Vidi
1054 2216 1086 2274 et
1110 2226 1187 2274 ecce
1210 2227 1316 2296 equus
1344 2205 1449 2288 albus,
1476 2213 1520 2276 ct

323 2299 490 2392 ,Hpnaas.·
507 2299 622 2368 Lustra
644 2321 711 2392 sex,
735 2302 791 2392 qui
810 2303 878 2391 jam
926 2300 982 2390 qui
999 2299 1132 2369 sedebat
1146 2321 1245 2391 super
1261 2300 1361 2378 illum,
1379 2298 1517 2368 habebat

283 2386 414 2480 peregit.
448 2439 452 2450 .
788 2423 790 2428 ·
925 2413 1048 2474 arcum,
1071 2403 1104 2463 et
1126 2392 1200 2460 data
1223 2403 1275 2461 est
1298 2394 1326 2461 ei
1339 2392 1465 2460 Corona
1485 2404 1519 2461 et

331 2481 353 2550 tl
376 2485 532 2555 Dominus
553 2487 707 2578 regnavit,
723 2486 874 2558 decorem
921 2487 1018 2557 exivit
1062 2487 1212 2565 vincens,
1236 2497 1272 2553 ut
1296 2487 1445 2554 vinceret.

274 2574 394 2648 induit.
827 2605 830 2612 ¹
966 2584 998 2662 n.
1021 2580 1120 2650 breve.
1134 2579 1273 2661 Gloria,
1314 2587 1347 2646 et
1393 2576 1516 2648 honore

329 2671 477 2755 reinduit
488 2674 643 2744 Dominus
654 2673 871 2745 fortitudinem
918 2674 1077 2743 coronasti
1100 2694 1175 2742 cum
1216 2672 1361 2740 Domino.
1392 2672 1513 2756 Gloria,

279 2773 315 2833 et
337 2766 511 2858 praecinxit
533 2791 568 2838 se
583 2770 707 2838 virtute.
918 2777 951 2838 et
973 2767 1104 2836 honore.
1467 2847 1472 2857 ,

448 2861 498 2926 Ad
518 2863 713 2932 Benedictus.
968 2861 999 2928 tl.
1024 2863 1075 2956 Et
1089 2860 1279 2929 constituisti
1302 2881 1378 2928 eum
1418 2882 1517 2950 super

305 2951 433 3042 Antr'plr.
457 2955 568 3022 Milites
599 2954 736 3038 induunt
766 2959 876 3026 lesum
923 2953 1514 3046 operamanuunrtuarumCoronasti.

279 3043 435 3137 purpura,
459 3057 492 3114 et
505 3047 672 3140 imponunt
687 3048 715 3116 ei
731 3049 872 3139 plecten·
919 3049 1027 3117 Gloria
1050 3050 1142 3114 Patri.
1165 3047 1284 3121 Gloria.
1301 3057 1333 3115 et
1357 3046 1498 3114 honore

282 3147 330 3206 tes
364 3141 506 3233 spineam
539 3141 705 3210 Coronam.
731 3142 770 3208 Et
795 3160 869 3210 coe·
961 3140 991 3204 tl.
1016 3139 1086 3206 liris
1111 3140 1236 3206 Corona
1251 3137 1370 3228 gloriae
1386 3138 1419 3203 in
1442 3146 1511 3204 ma-

280 3245 398 3320 perunt
420 3235 558 3305 salutaro
582 3257 676 3319 eum;
701 3239 769 3304 Avo
810 3235 876 3303 Rex
923 3255 969 3300 ou
992 3233 1127 3299 Domini.
1176 3279 1182 3292 .

277 3324 486 3398 Judaeorum.
963 3329 996 3403 d.
1019 3327 1059 3393 Et
1081 3324 1227 3393 diadema
1250 3324 1337 3413 regni
1362 3323 1394 3390 in
1410 3343 1508 3391 manu

535 3422 653 3491 Oratio.
917 3419 975 3488 Dei
998 3420 1054 3486 tui.

278 3467 407 3597 Deus,
443 3515 499 3607 qui
539 3516 734 3604 unigenitum
776 3525 868 3583 tuum
1095 3513 1151 3578 AD
1182 3510 1328 3579 NDerll

278 3607 312 3675 in
336 3606 485 3678 Pa'ssioue
515 3631 579 3686 sua
613 3610 723 3701 spinea
747 3609 871 3678 Corona
1450 3665 1454 3673 .

275 3699 434 3784 decorari3
458 3713 490 3771 et
514 3704 630 3794 Regem
655 3701 781 3772 adorari
812 3719 870 3769 vo-'
964 3697 1089 3790 Antr‘pln
1114 3697 1153 3765 Et
1175 3707 1350 3790 expuentes
1366 3698 1399 3764 in
1422 3720 1505 3768 eum.

276 3791 381 3864 luisti:
406 3789 448 3866 da
471 3795 565 3864 nobis
589 3817 798 3887 quaesumus,
824 3794 867 3861 ob
1069 3791 1173 3882 Capit.
1290 3795 1354 3860 Iso.
1381 3794 1435 3859 28.

275 3889 360 3979 piam
390 3890 626 3960 venerationem
650 3909 759 3958 sacrae
784 3887 868 3956 illius
916 3837 973 3953 ln
996 3885 1047 3955 die
1070 3884 1125 3953 illa
1147 3886 1206 3954 erit
1229 3887 1385 3955 Dominus
1415 3907 1507 3954 exer·

273 3981 404 4071 spineae
427 3984 581 4067 Coronae,
605 3986 638 4052 in
653 3981 778 4051 caelesti
796 3983 866 4071 ejus
912 3979 1034 4048 cituum
1051 3979 1176 4047 Corona
1192 3979 1374 4070 gloriaest
1383 3987 1505 4046 sertum

274 4093 374 4166 regno
397 4075 553 4147 Coronam
571 4078 690 4170 gloriae
712 4097 800 4158 suae,
832 4085 864 4144 et
909 4072 1110 4143 exultationis
1133 4073 1268 4142 residuo
1285 4073 1398 4164 populi
1420 4072 1483 4137 sui.

270 4168 393 4235 aeterni
404 4169 496 4262 Regis
507 4169 699 4264 majestatem
711 4178 867 4265 perpetuo
961 4170 993 4247 ri.
1017 4166 1116 4236 brace.
1141 4167 1211 4236 liris
1236 4168 1360 4235 Corona
1374 4163 1504 4253 gloriae:

274 4261 490 4356 contemplari.
514 4265 575 4335 Per
597 4265 757 4339 eumdem.
911 4260 949 4330 ln
972 4282 1069 4330 manu
1094 4261 1228 4330 Domini.
1252 4261 1322 4327 Eris
1342 4257 1477 4326 Corona.

1658 880 1661 949 r

1594 1035 1600 1047 .
1659 982 1660 1061 l
