3584 5034
135 580 136 583 Ὺ
259 615 358 695 ἐι
493 673 495 677 -
686 696 690 705 ,
802 628 930 697 reem
952 630 1046 696 nnn

311 749 401 807 verat
440 748 537 829 atque
579 743 752 824 transierat.
791 742 907 824 Anima
1071 740 1121 816 nt
1138 740 1179 807 Il.
1203 738 1430 814 Nocrunrto

301 854 382 901 ¹mea
397 832 570 922 liquefacta
584 844 633 902 εει
649 844 686 903 ιιι
702 834 829 903 locutus
844 846 902 904 est.
995 832 1121 923 Antipb.
1145 836 1251 914 Beata
1267 856 1351 923 quae
1368 833 1541 919 credidisti,

356 932 388 1005 ri.
416 928 454 992 ln
496 928 631 999 bordino
670 927 830 1017 gaudebo,
871 938 907 996 et
952 927 1101 1017 quoniam
1128 926 1332 1018 perficientur
1356 951 1415 1011 ea,
1456 953 1543 1022 quae

310 1018 458 1087 exultabo
484 1019 516 1087 in
540 1022 607 1096 Deo
624 1024 702 1091 lesu
716 1034 801 1089 meo?
815 1024 903 1089 Deus
950 1021 1034 1089 dicta
1057 1031 1134 1087 sunt
1157 1020 1214 1086 tibi
1237 1042 1256 1087 a
1280 1024 1424 1090 Domino.

308 1112 464 1181 Dominus
488 1112 640 1182 fortitudo
659 1138 738 1185 mea.
756 1114 776 1156 *
795 1108 900 1205 Super
994 1113 1119 1204 Antr‘plr.
1143 1115 1229 1182 Fecit
1253 1115 1330 1181 mibi
1352 1138 1467 1206 magna
1482 1117 1541 1207 quui

308 1206 434 1273 excelsa
457 1205 595 1275 deducet
619 1231 680 1275 me.
946 1218 1141 1298 potensest,
1173 1218 1206 1275 et
1239 1206 1385 1282 sanetum
1424 1218 1541 1280 nomen

355 1296 385 1363 i.
410 1302 513 1367 Laeva
525 1301 594 1389 ejus
610 1300 672 1369 sub
688 1303 794 1392 capite
817 1321 901 1381 meo,
952 1302 1033 1388 ejus.
1129 1326 1132 1331 ·
1208 1377 1212 1382 ⁴

307 1402 339 1460 ει
379 1392 507 1461 dextera
545 1394 631 1463 illius
665 1391 900 1485 amplexabitur
972 1392 1117 1483 «antiph.
1165 1387 1252 1462 Fecit
1290 1397 1464 1486 potentiam
1512 1398 1543 1465 in

306 1508 367 1554 me.
393 1488 505 1578 Super.
731 1569 732 1575 η
948 1486 1083 1555 brachio
1107 1507 1178 1568 suo,
1213 1487 1364 1579 dispersit
1385 1489 1543 1581 superbos

686 1662 688 1669 y
799 1604 803 1610 ·
949 1592 1055 1649 urente
1078 1580 1185 1647 cordis
1223 1582 1283 1649 sui.

321 1728 324 1731 .
395 1660 548 1743 Le'ot.1rr.
586 1676 813 1765 Captet.
995 1674 1024 1739 i.
1051 1676 1152 1740 Fortis
1177 1688 1226 1740 est
1249 1685 1383 1743 utmors
1400 1674 1541 1746 dilectio.

993 1771 1024 1844 rt.
1049 1768 1136 1833 Dura
1160 1767 1245 1833 siout
1267 1768 1411 1836 internus
1426 1791 1543 1840 aernu-

298 1812 507 1950 'Qualisest
522 1860 657 1929 dilectus
673 1872 748 1929 tuus
766 1883 805 1930 ex
821 1860 901 1928 dile·
948 1857 1034 1925 latio.

307 1955 903 2047 cto,opulcberrimamulierumque-
997 1952 1108 2019 Sermo
1132 1951 1240 2019 Sancti
1262 1951 1445 2029 Bemardini
1486 1947 1545 2026 Se-

308 2046 347 2115 lis
370 2063 418 2117 εει
442 2048 580 2119 dilectus
602 2057 678 2116 tuus
701 2070 740 2115 ex
765 2046 898 2127 dilecto,
950 2045 1067 2112 nensis.

216 2136 219 2141 ⁴
307 2141 384 2231 quia
407 2143 454 2211 sic
477 2142 629 2231 adjurasti
656 2139 733 2207 nos?
757 2139 901 2207 Dilectus
970 2140 1033 2227 Eur
1059 2140 1166 2207 Serm.
1188 2140 1221 2205 9.
1244 2140 1283 2209 de
1317 2137 1514 2211 Vr‘sitotr'one.

309 2233 571 2315 meusoandidus‚
587 2244 619 2301 et
630 2232 830 2311 rubicundus
841 2233 905 2301 ele-
1101 2243 1107 2253 ·
1190 2234 1272 2301 Lect.
1301 2253 1343 2299 rr.
1436 2293 1439 2299 .

307 2326 689 2406 ctusexmillibus,totus
708 2324 904 2395 desiderabi-
954 2278 1064 2415 Quis
1104 2326 1297 2408 mortalium,
1334 2326 1393 2393 nisi
1436 2326 1545 2395 divino

305 2420 354 2487 lis.
370 2420 656 2489 Talisestdilectus
671 2441 772 2501 meus,
789 2420 902 2511 etipse
951 2419 1050 2487 fretus
1075 2420 1216 2495 oraculo,
1244 2418 1285 2486 de
1316 2441 1392 2489 vera
1417 2422 1475 2488 Dei
1512 2432 1545 2488 et

307 2523 356 2581 est
379 2516 503 2582 amicus
528 2532 639 2594 meus,
665 2512 747 2581 tiliae
773 2516 902 2581 lerusa-
949 2512 1085 2579 bominis
1103 2512 1262 2579 Genitrico
1278 2510 1456 2602 quidquam
1474 2532 1543 2581 mo-

306 2606 378 2676 lem.
408 2609 482 2691 Quo
506 2608 583 2675 abiit
606 2607 749 2675 dilectus.
767 2617 843 2675 tuus
883 2625 903 2672 o
951 2604 1072 2683 dicum,
1097 2606 1164 2671 sive
1200 2602 1322 2694 grande
1360 2618 1546 2698 praesumat
1658 2639 1659 2652 ι

308 2701 506 2791 pulcherima
557 2700 728 2770 mulierum
769 2700 786 2767 ‘l
815 2700 903 2779 ‚Quo
950 2697 1081 2786 pollutis
1103 2696 1195 2764 labiis
1228 2699 1405 2768 nominare:
1445 2721 1543 2791 quam

308 2793 479 2866 declinavit
502 2795 636 2863 dilectus
653 2792 746 2860 tuus?
762 2804 901 2881 etquae·
952 2791 1043 2858 Pater
1065 2801 1139 2859 aute
1161 2790 1290 2858 saecula
1313 2793 1399 2861 Deus
1428 2788 1543 2885 perpe

307 2910 416 2957 remus
456 2910 531 2956 eum
559 2898 676 2954 tecum.
701 2884 838 2953 Pulchra
868 2906 905 2955 es
952 2894 1041 2951 tuam
1064 2883 1311 2976 praedestinavit
1335 2886 1367 2952 in
1384 2886 1543 2975 Virginem

307 2982 411 3048 amica
435 3002 516 3060 mea,
540 2979 649 3045 suavis
673 2990 704 3046 et
727 2977 905 3071 deeorasi-
953 2975 1190 3066 dignissimam:
1240 2978 1337 3045 Filius
1376 2979 1468 3069 elegit
1507 2983 1543 3051 iu

308 3084 364 3141 out
387 3073 574 3151 Jerusalem,
599 3069 748 3136 terribilis
773 3081 809 3137 ut
847 3090 902 3137 na·
950 3070 1090 3138 Matrem:
1116 3072 1253 3161 Spiritus
1276 3072 1411 3139 Sanctus
1436 3076 1570 3141 omnis·
1658 3097 1659 3128 t

306 3178 445 3235 strorum
471 3165 555 3232 acies
589 3161 743 3229 ordinata.
761 3163 831 3231 Una
855 3172 904 3231 est
950 3165 1069 3246 gratiae
1094 3162 1293 3233 domicilium
1308 3162 1542 3255 praeparavit?

306 3259 458 3328 columba
480 3280 562 3335 mea,
585 3255 726 3347 perlecta
743 3275 823 3333 mea,
837 3276 902 3323 una
949 3254 1075 3334 Quibus
1099 3256 1204 3327 verbis
1228 3277 1289 3345 ego
1324 3256 1542 3327 homunculus

306 3364 354 3419 est
377 3354 484 3419 matris
508 3372 597 3431 snae,
621 3350 722 3418 electa
746 3349 896 3435 genetrici
946 3369 1060 3416 sensus
1078 3349 1247 3418 altissimos
1265 3350 1398 3437 Virginei
1416 3350 1542 3434 cordis,
1658 3373 1659 3402 ι

307 3466 392 3513 suae.
426 3446 581 3514 Viderunt
621 3465 690 3511 eam
731 3441 823 3509 filiae:
855 3452 895 3519 ‚et
942 3443 1143 3512 sanctissimo
1170 3462 1227 3509 ore
1245 3441 1385 3533 prolatos
1402 3442 1542 3513 efferam:

305 3538 519 3609 beatissimam
550 3536 827 3628 praedicaverunt,
867 3545 900 3603 et
946 3533 1265 3622 quibusnonsufficit
1282 3536 1542 3624 linguaomnium
1658 3607 1659 3632 p

305 3634 442 3723 Reginae
466 3630 678 3699 laudaverunt
716 3650 798 3697 eam.
946 3626 1123 3710 bominum,
1147 3640 1180 3697 et
1203 3630 1298 3699 etiam
1322 3632 1541 3719 Angelorum?
1658 3679 1659 3682 =

353 3737 386 3809 rt.
411 3727 522 3795 Inveni
546 3726 680 3812 gratiam
703 3721 790 3813 apud
822 3741 902 3791 ocu·
948 3721 1104 3791 Dominus
1127 3724 1210 3789 enim
1236 3725 1289 3790 ait:
1314 3720 1542 3795 bonushomo

305 3820 356 3887 los
399 3831 482 3897 tum,
520 3816 654 3885 Domino
695 3816 748 3895 mi,
779 3814 800 3858 ἰ
837 3816 901 3896 Qui
950 3813 1092 3885 debono
1109 3814 1542 3910 tbesaurocordissuipro-
1658 3833 1659 3880 t

306 3915 490 3983 consolatus
513 3934 548 3980 es
573 3931 634 3990 me3
659 3920 692 3977 et
714 3909 842 3979 loeutus
866 3930 902 3977 es
950 3908 1115 3978 iertbona.
1140 3909 1425 3991 Quisauteminter
1440 3934 1544 4002 puros

307 4006 429 4075 adcor
475 4004 610 4075 ancillae
634 4014 716 4072 tuae.
949 4000 1094 4077 homines
1119 4002 1230 4073 melior
1255 4003 1352 4075 bomo
1367 4014 1470 4095 potest
1484 4025 1543 4073 ex-

355 4102 384 4165 ε’.
409 4102 446 4168 ln
471 4110 539 4170 toto
562 4095 758 4169 eordemeo
793 4096 906 4187 exqui-
954 4097 1096 4182 cogitari,
1121 4117 1218 4187 quam
1242 4097 1306 4178 illa,
1324 4118 1408 4185 quae
1423 4100 1543 4169 meruit

308 4190 371 4261 sivi
394 4202 435 4274 te,
465 4215 505 4263 ne
522 4190 659 4283 repellas
676 4200 756 4259 me'a
774 4188 905 4259 manda·
953 4187 1034 4257 effici
1058 4191 1156 4260 blater
1179 4191 1248 4272 Dei,
1273 4211 1357 4279 quae
1380 4190 1413 4257 in
1437 4192 1546 4265 Cordo

308 4286 347 4353 tis
371 4288 442 4353 tuis.
467 4287 529 4367 Qui
561 4284 765 4373 consolatus
795 4284 905 4357 Gloria
951 4293 985 4367 et
1008 4283 1039 4351 in
1070 4293 1161 4353 utero
1192 4303 1252 4351 suo
1294 4284 1397 4372 ipsum
1436 4286 1546 4357 Deum

307 4379 398 4447 Patri.
421 4381 485 4461 Qui
509 4379 701 4450 consolatus.
946 4376 1103 4471 hospitata
1132 4375 1213 4447 est‘l
1252 4376 1330 4457 Quis
1372 4374 1548 4451 thesaurus
