3584 5034
179 643 183 650 ,
662 555 788 638 rnsra
813 569 1032 640 saranum
1103 605 1110 615 -
1415 541 1467 638 ar

236 681 373 752 Calvario
396 691 525 771 paratas
542 691 644 763 erant;·
661 694 772 774 postea
788 681 829 751 in¹
868 693 955 774 tyrss
979 682 1171 751 Sanctorum
1200 679 1276 749 slbo
1291 682 1460 784 recensuit.

1277 841 1282 848 ι

234 777 329 844 altum
354 775 426 844 elati
452 773 564 842 Christi
601 773 697 844 fidem
732 774 820 844 baud
913 776 1134 866 alanquam.
1182 812 1184 815 ·
1361 791 1366 800 ’

232 867 413 960 praedicare
428 867 604 936 cessabant
620 868 823 960 Enituitqui-
976 869 1021 936 IN
1045 870 1101 936 111.
1127 866 1353 938 Noctuarto

232 960 303 1030 dem
320 960 529 1056 Pauluslliki,
542 963 597 1052 qui
614 961 818 1052 atriumpba-
865 960 1028 1033 Latinas
1044 963 1084 1031 de
1098 960 1244 1032 Humilia
1254 962 1291 1028 S.
1301 959 1464 1032 Anthemii

231 1054 252 1122 li
264 1056 316 1124 illa
331 1053 438 1122 crucis
453 1053 604 1122 cathedra
616 1054 657 1122 ad
679 1055 816 1123 circum-
863 1054 1022 1144 Episcopi
1058 1053 1098 1121 in.
1133 1053 1359 1140 Eooapeliam,
1400 1057 1464 1123 Ds-

230 1147 335 1216 susam
371 1146 603 1216 multitudinem
632 1170 691 1239 pro
732 1149 816 1216 cbri-
862 1147 1197 1216 scendeaslesus.1a
1211 1149 1402 1238 Quadrupes.
1420 1170 1463 1216 tx.

230 1243 332 1310 stiana
354 1240 505 1329 religione
539 1242 709 1331 peroravit,
744 1239 824 1310 illud
872 1242 1099 1332 teet.110m,f
1128 1293 1136 1307 .
1472 1261 1476 1269 ·

170 1388 174 1410 ,
230 1335 336 1425 palam
359 1332 421 1420 sibi
451 1335 629 1422 gratulatus
665 1332 766 1424 quod*
793 1335 825 1402 in
1144 1373 1189 1386 -
1309 1417 1313 1424 Ι

231 1447 328 1496 cruce
352 1438 389 1494 ut
413 1425 556 1496 Christus
580 1427 746 1508 Dominus,
771 1450 825 1496 ea·
981 1497 984 1502 ,
1096 1426 1167 1496 otu
1196 1429 1247 1494 ll.

233 1520 398 1610 demque,
446 1529 545 1622 atque
599 1520 679 1602 illo,
727 1530 829 1589 aetate
983 1518 1212 1590 s.ttrmrrn1
1236 1521 1290 1588 Er.
1314 1521 1354 1589 ll.
1438 1562 1442 1570 ·

233 1635 420 1706 supremum
454 1614 596 1706 expleret
613 1611 723 1682 diem.
759 1613 821 1696 ro<
1111 1616 1228 1705 duplae

232 1718 351 1776 stremo
370 1706 486 1797 singuli
509 1706 551 1774 ab
574 1706 645 1774 imis
667 1705 820 1775 lateribus
919 1709 1085 1780 Omaiede
1115 1711 1234 1779 comm.
1250 1705 1347 1778 unitis
1374 1702 1464 1776 Mer-

179 1831 184 1846 ·
231 1799 273 1866 ad
285 1799 435 1869 humeros
452 1799 534 1868 binis
550 1801 669 1869 lanceis
681 1800 823 1869 transfixi
872 1799 965 1892 tyris,
986 1805 1113 1894 praeter
1136 1799 1302 1891 sequentia.

231 1893 376 1961 victrices
391 1895 513 1960 animas
528 1893 623 1964 coelo¹
638 1893 823 1962 inserendas
1123 1891 1233 1962 Oratio
1276 1931 1279 1936 ·

231 1986 373 2056 emisere.
404 1989 545 2068 Suorum
579 1987 715 2056 militum
753 1987 838 2076 glo-v
869 1941 997 2071 Deus,
1021 1989 1191 2082 quiBeato
1201 1984 1367 2076 Valentino
1385 1985 1466 2053 llar-

231 2079 354 2148 riosum
394 2091 554 2158 certamen
596 2081 690 2164 variis
738 2081 824 2148 Deus
873 2083 935 2174 tyri
960 2093 1027 2163 tuo,
1052 2092 1149 2172 atque
1181 2077 1324 2148 Pontifici
1356 2080 1474 2147 Pasto-

232 2171 448 2241 condecorare
464 2172 565 2240 voluit
580 2173 686 2262 signis:
703 2171 822 2264 quibus
869 2176 946 2243 ralis
970 2177 1130 2245 ministerii
1153 2171 1411 2253 sollicitudinem,
1434 2181 1476 2240 st
1581 2257 1585 2264 .

232 2267 292 2333 rite
317 2263 468 2353 probatis,
493 2267 665 2334 Sacrorum
697 2268 825 2334 Rituum
873 2265 948 2337 fidei
970 2270 1182 2358 constentiam
1208 2265 1359 2347 tribuisti,
1388 2285 1475 2334 con-·

234 2359 443 2448 Congregatio
472 2357 514 2426 ad
549 2379 662 2428 eorum
693 2360 828 2428 Caroni·
875 2361 970 2443 cede,
1010 2372 1046 2432 ut
1083 2363 1140 2454 qui
1180 2362 1250 2449 ejus
1291 2358 1469 2451 patrocinio

232 2453 388 2522 nationem
404 2439 679 2544 quandocumque
694 2451 825 2522 deveni·
870 2457 1035 2524 munimur
1058 2458 1089 2522 in
1113 2454 1216 2536 terris,
1239 2453 1310 2541 ejus
1333 2472 1469 2544 quoque

233 2545 260 2611 ri
283 2544 540 2638 possedecrevit.
564 2547 693 2616 lnterim
723 2546 825 2620 Urba·
873 2550 1036 2618 consortio
1083 2548 1246 2638 aggregari
1287 2561 1469 2613 mereamur

232 2661 295 2706 nus
325 2641 467 2708 Octavus
496 2640 640 2709 Pontifex
670 2641 825 2709 Maximus
874 2641 907 2708 in
932 2641 1045 2710 costis.
1063 2641 1123 2707 Per
1143 2638 1315 2704 Dominum
1339 2634 1416 2704 etc'
1474 2680 1478 2686 ·

233 2729 341 2800 habita
364 2731 460 2820 hujus
498 2734 623 2810 Decreti
661 2734 825 2815 relatione,
1008 2817 1012 2820 ῃ
1052 2733 1096 2799 IN
1120 2732 1144 2797 Ι.
1167 2729 1287 2798 Nocr.

242 2823 429 2898 deeisdcrn
451 2824 647 2915 Martyribus
668 2837 779 2914 utpote
794 2829 827 2892 in
855 2829 857 2834 ’
923 2829 1006 2894 Lsct.
1030 2827 1067 2895 de
1092 2826 1162 2895 Ser.
1187 2846 1249 2917 occ.
1280 2821 1467 2893 staceario

232 2913 407 2986 Beatorum
445 2915 533 2982 fastis
567 2915 735 3006 adscriptis
770 2919 828 2984 Ol·
875 2918 912 2984 in
937 2920 1095 3007 Quadrap.
1119 2920 1146 2986 A
1170 2917 1287 2986 Mileto.

231 3009 344 3077 ficium
368 3019 402 3076 et
423 3007 516 3075 Missa
540 3011 711 3099 quotannis
746 3013 827 3078 reci·
981 3031 985 3038 ·
1046 3011 1090 3079 IN
1113 3010 1300 3081 ltrtoct.
1354 3070 1361 3082 .

231 3103 292 3170 tari
308 3114 340 3170 st
356 3098 509 3170 celebrari
522 3101 665 3172 indulsit.
685 3104 823 3174 Tandem
922 3141 928 3150 ·
1122 3108 1213 3174 Lect·
1229 3126 1271 3172 rr.

231 3196 369 3266 Divinae
419 3195 636 3286 providentiae
691 3199 842 3270 consilio,
873 3151 1094 3284 Valentinus
1118 3198 1296 3276 nobilibus,
1322 3206 1355 3265 et
1378 3197 1469 3274 Chri·

233 3288 354 3357 facturn
366 3299 414 3360 est
425 3300 461 3358 ut
477 3289 552 3358 Pius
561 3291 672 3360 Nonus
680 3290 823 3360 Pontifex
869 3291 981 3360 stiauis
1004 3290 1191 3382 parentibus
1213 3291 1414 3376 Interamnae
1437 3292 1479 3358 in*

234 3382 391 3450 Maximus
415 3381 599 3475 hujusmodi
611 3384 770 3473 judicium
787 3385 828 3454 ad
878 3383 1012 3468 Umbria
1036 3393 1141 3463 natus,
1156 3377 1232 3475 'post
1245 3377 1390 3454 exactam
1413 3386 1472 3479 per
1508 3400 1514 3429 ³

234 3479 361 3549 exitum,
380 3476 580 3569 perduceret.
604 3481 711 3562 Quare
735 3498 827 3548 sacro
875 3477 1014 3569 plurima
1037 3475 1160 3568 pietatis
1183 3489 1370 3568 argumenta
1390 3501 1472 3571 pue-

235 3572 439 3638 Pentecostes
475 3568 528 3639 die
570 3573 645 3640 anni
675 3569 832 3642 millesimi
880 3569 1019 3651 ritiam,·
1035 3579 1149 3651 aetam,
1185 3591 1224 3639 ac
1258 3571 1375 3642 virttrts
1402 3573 1473 3658 jam

235 3661 486 3750 octingentesimi
498 3664 684 3752 sexagesimi
697 3664 846 3734 secundi.
878 3674 1025 3731 maturus
1064 3664 1306 3736 Ecclesiasticas
1344 3663 1474 3733 militiae

235 3775 354 3844 magna
377 3763 410 3822 et
428 3755 544 3826 illustri
575 3758 828 3848 Purpuratorum
876 3777 995 3848 nomen
1019 3755 1115 3838 dedit,
1141 3758 1173 3824 in
1196 3777 1262 3850 qna
1278 3776 1364 3836 cum,
1389 3776 1472 3846 qua·

236 3851 369 3918 Patrum
393 3856 426 3915 st
449 3849 693 3940 Episcoporum,
717 3851 773 3939 qui
790 3871 830 3918 err
877 3849 985 3917 si'lux
1008 3849 1191 3942 splendens,
1216 3853 1249 3917 in
1273 3848 1343 3917 dies
1357 3867 1473 3940 proce-

238 3941 390 4045 qmnibus
407 3938 504 4010 Orbis
521 3941 672 4012 Catholici
688 3941 833 4034 partibus
879 3941 985 4025 deret,
1003 3955 1035 4012 et
1057 3943 1238 4024 cresceret,
1249 3963 1288 4009 ac
1319 3942 1476 4011 Pastorali-

251 4033 295 4106 ad
304 4031 487 4126 tuendas?-
510 4035 670 4125 Ecclesiae
694 4045 726 4104 et
740 4035 831 4105 Sedis
878 4038 1004 4105 moneri
1043 4035 1179 4104 idoneus
1217 4046 1412 4126 appareret,
1452 4059 1472 4105 a

239 4127 442 4218 apostolicae
475 4129 551 4216 jura
579 4140 828 4212 convenerant,
876 4131 974 4199 Beato
997 4130 1155 4197 Felieiaoo
1173 4128 1388 4217 Fulginatensi
1405 4133 1471 4197 An-

232 4219 729 4299 corona'ciroumdatuseosdem
745 4224 828 4296 llar-
877 4223 992 4306 tistite,
1027 4223 1133 4292 Sancti
1169 4221 1304 4294 Victoris
1338 4224 1471 4294 ltomani
