3584 5034
284 608 343 677 st
784 555 1029 677 susannis

296 718 362 786 bim
373 718 546 801 sedentem,
554 717 632 808 quia
645 729 793 811 maguam
805 740 881 813 pos·
923 721 982 811 'gui
1019 717 1198 790 efficiamini
1236 718 1377 809 elingere
1399 718 1523 805 omnia,

297 810 404 881 sident
426 809 619 903 dignitatem.
644 811 777 881 Accedit
810 812 884 881 illu·
930 835 1016 905 quae
1038 825 1175 887 ventura
1197 823 1284 893 suut,
1306 822 1339 881 et
1361 812 1451 881 stetis
1465 832 1524 879 am

298 900 460 986 minanda,
484 902 597 973 adorat
620 913 657 973 u't
671 906 794 974 ansilla.
826 908 887 974 Po·
935 917 965 974 te
980 906 1087 975 lilium
1102 907 1247 975 hominis
1265 906 1306 973 Et
1319 914 1358 973 tu
1370 904 1446 991 filiis
1458 906 1525 972 tuis

294 998 393 1067 stulat
405 1018 468 1066 non
484 998 569 1066 dona
586 1004 720 1081 terrena,
737 998 796 1069 sed
811 1010 885 1068 rota
933 1000 1076 1069 Thronos
1092 1000 1236 1092 postulas
1255 998 1451 1087 majestatis?
1475 999 1524 1065 Da

296 1090 453 1163 coelestia.
470 1092 625 1162 Dominus
640 1102 690 1161 est
704 1094 788 1161 enim
809 1113 883 1161 coe·
930 1095 1056 1162 veniam
1085 1104 1204 1167 mater:
1233 1092 1426 1161 admirantes
1462 1092 1524 1159 ista

296 1183 413 1267 lorum,
439 1205 549 1276 aquo
590 1187 728 1255 coeleste
767 1185 887 1275 flagitat
932 1184 1080 1267 dicimus,
1105 1207 1169 1255 unu
1186 1186 1362 1278 culpantes.
1378 1185 1461 1267 Noli,
1475 1184 1524 1251 in,-

294 1274 685 1372 desideriumDioinqnit,
704 1288 740 1346 ut
755 1279 887 1349 sedeant
933 1282 1005 1371 quit
1028 1280 1120 1349 beata
1132 1291 1242 1362 mater,
1267 1278 1333 1346 noli
1359 1290 1524 1369 tamquam

294 1366 419 1443 hiduo
444 1371 498 1439 filii
523 1374 584 1441 mei
609 1395 693 1441 unus
718 1371 759 1441 ad
777 1372 884 1443 dexte·
932 1372 1174 1465 impossibilium
1200 1396 1251 1442 me
1264 1371 1414 1463 cupidam
1433 1370 1525 1461 judi»

209 1524 210 1529 ,
296 1484 366 1535 mm
389 1474 487 1545 tuam,
515 1475 548 1535 et
573 1466 655 1536 alter·
666 1466 707 1533 ad
724 1467 884 1535 sinistrum
931 1487 1016 1548 care;
1041 1467 1195 1537 Dominus
1213 1467 1286 1538 mihi
1305 1465 1415 1533 tribuit
1431 1466 1523 1533 istam

294 1566 393 1637 tuam,
408 1558 439 1626 in
464 1560 572 1647 Regno
595 1570 661 1627 tuo.
685 1560 755 1642 Dic,
773 1561 885 1651 inquit,
935 1560 1067 1635 avidam:
1093 1561 1305 1640 volontatem,
1342 1560 1401 1649 qui
1426 1556 1525 1648 Deg'ni

295 1651 331 1719 in
354 1650 454 1724 verbo
480 1648 548 1731 tud,
565 1662 598 1720 et
612 1651 744 1721 effectus
761 1652 899 1744 proficit.
933 1657 986 1720 sui
1008 1654 1109 1741 diligit
1132 1654 1297 1732 violentos,
1321 1662 1355 1719 et
1371 1651 1458 1719 solos
1482 1672 1521 1719 o·

297 1752 373 1812 voto
398 1765 478 1813 mco.
504 1744 623 1827 Dixisti,
648 1746 814 1815 etinctum
836 1757 885 1815 est
932 1743 987 1825 dit,
1012 1745 1067 1834 qui
1092 1748 1251 1835 potentari
1274 1744 1409 1834 cupiunt
1424 1765 1525 1834 super

294 1836 434 1907 eoelum.
459 1838 527 1920 Dic,
551 1849 584 1908 et
610 1838 773 1931 parabitur
811 1838 886 1908 liliis
932 1857 1060 1926 egenos.
1085 1839 1240 1926 Regnum,
1265 1836 1391 1926 inquit,
1415 1836 1525 1903 coelo·

298 1930 379 1997 meis
402 1930 548 2001 Thronus
571 1932 729 2001 claritudo
746 1932 887 2001 Throno-
933 1952 1007 1997 rum
1029 1931 1094 1998 vim
1120 1932 1248 2021 patitur,
1272 1927 1377 2019 etqui
1396 1926 1461 1995 rim
1476 1927 1536 1995 fu.

297 2044 382 2098 mm·
407 2024 437 2091 Ο
462 2026 576 2095 mulier
598 2026 779 2093 conditione
803 2022 884 2093 lsed
931 2024 1021 2091 ciunt
1044 2022 1199 2115 diripiunt
1230 2022 1319 2090 illud.
1343 2021 1425 2101 Quia
1461 2019 1525 2089 hoc

295 2117 376 2207 quia
399 2129 500 2187 mater
527 2120 699 2209 espietate,
716 2116 888 2185 humanam
937 2115 1085 2206 dignamr
1107 2138 1224 2197 amare,
1250 2115 1313 2185 hoc
1336 2115 1378 2182 ab
1402 2134 1442 2183 eo
1464 2134 1524 2181 au·

297 2230 507 2300 supergressa
529 2231 564 2277 es
588 2208 781 2298 dignitatem.
797 2208 887 2278 Chri·
933 2232 969 2279 sa
992 2232 1065 2279 sum
1090 2210 1263 2301 postulare.
1287 2206 1337 2277 nb
1362 2206 1417 2275 illo
1433 2206 1526 2289 audi·

299 2312 370 2370 stus
398 2300 439 2369 de
469 2320 567 2370 cruce
603 2301 816 2393 praedicabat,
855 2314 889 2374 et
934 2304 976 2372 vi:
1001 2306 1108 2395 petits,
1126 2315 1158 2372 et
1172 2303 1343 2394 accipietis,
1369 2302 1524 2392 quaerite,

298 2393 354 2461 illa
378 2393 546 2484 imperium
567 2394 791 2483 cognoscebat.
827 2395 885 2466 llle
931 2407 964 2465 et
988 2397 1161 2478 invenietis,
1186 2397 1321 2487 pulsate,
1348 2404 1383 2463 st
1403 2392 1526 2484 aperio·

284 2484 434 2559 dicebat:
456 2507 533 2557 ecoe
558 2488 761 2559 ascendimus
796 2493 886 2559 lero·
932 2500 986 2561 tur
1000 2488 1101 2558 vohis.
1114 2491 1205 2558 Dum.
1215 2499 1309 2580 patet,
1322 2486 1427 2577 pulso:
1443 2484 1524 2552 dum

300 2579 468 2672 solymam,
491 2592 524 2651 et
546 2580 631 2653 lilius
655 2582 793 2653 hominis
823 2592 887 2653 tra·
933 2584 1079 2673 accipere
1103 2582 1185 2663 licet,
1198 2593 1282 2673 peto:
1297 2578 1374 2647 dum
1393 2590 1520 2669 tompus

299 2670 404 2756 detor,
437 2684 474 2743 ut
510 2674 725 2765 crucifigatur:
764 2687 796 2747 et
835 2678 887 2745 illa
934 2685 1004 2755 est,
1028 2695 1159 2763 quaeror
1199 2674 1319 2741 Audivi
1357 2675 1452 2741 etiam
1476 2670 1527 2738 di·

298 2764 524 2861 interpellatrix
550 2779 727 2837 accesserat
743 2769 888 2839 dulcium
935 2779 1033 2835 otum.
1073 2769 1223 2849 Quaerite
1247 2768 1423 2836 Dominum
1445 2764 1526 2833 dum

298 2856 449 2930 filiorum.
464 2861 494 2929 Ο
511 2861 625 2929 mulier
640 2860 779 2932 filiorum
798 2862 890 2931 beata
937 2860 1077 2931 inveneri
1102 2871 1218 2954 potest,
1242 2883 1283 2930 ne
1312 2871 1389 2929 tuuc
1410 2864 1529 2950 'quas-

277 3031 280 3049 Ι
299 2962 482 3021 sauctomm
500 2955 507 3020 l
523 2953 671 3021 meritum
691 2954 889 3045 praecessisti
938 2956 1024 3037 ratis,
1037 2954 1169 3045 quaudo
1187 2955 1319 3025 inveniri
1331 2975 1396 3023 non
1412 2960 1526 3047 potest

300 3044 482 3125 Baulorum,
507 3055 540 3111 et
565 3041 718 3112 honorem
749 3059 889 3138 prseter—
982 3050 1015 3125 D.
1040 3049 1184 3139 Regnum
1209 3047 1323 3117 mundi
1344 3056 1404 3116 etc.

301 3158 410 3228 gressa
432 3159 467 3209 es
491 3135 695 3225 Angelorum:
731 3158 795 3206 noo
836 3139 891 3207 tibi
1162 3146 1245 3211 Lect.
1276 3162 1318 3208 rx.
1422 3194 1428 3203 .

301 3227 429 3313 sufficit,
469 3231 567 3323 quia,
588 3225 672 3297 filios
709 3239 784 3299 tuos
829 3230 891 3300 leci
941 3181 1102 3319 Modo,
1127 3234 1225 3303 modo
1263 3232 1397 3301 domin
1424 3228 1528 3297 iorma

299 3322 704 3405 excalsmPraedicatorss,
719 3344 803 3415 quos
819 3326 890 3394 ino-
935 3340 1068 3418 apparet
1090 3328 1202 3408 servi,
1226 3325 1305 3393 dum
1334 3324 1457 3416 potiens
1479 3331 1531 3391 est
1663 3377 1664 3412 ,

302 3437 360 3509 pes
385 3417 541 3490 nutrieras
563 3417 737 3508 piscatores
761 3416 779 3485 ‘i
817 3429 891 3511 post
939 3418 1110 3509 usquead
1134 3428 1267 3487 mortem
1290 3418 1425 3498 crucis,
1449 3413 1529 3483 dum

300 3509 378 3578 retia
401 3510 536 3581 coelum:
552 3518 626 3602 post
641 3509 770 3579 hamum
785 3512 890 3580 Evan—
938 3513 1095 3603 privatum
1107 3512 1201 3601 ‚gerit
1238 3512 1390 3592 vultum,
1414 3518 1447 3579 et
1468 3530 1529 3579 osc

301 3600 432 3689 getium:
471 3611 545 3696 post
563 3603 755 3673 navicellam
778 3614 892 3699 postu·
939 3603 1018 3671 dum
1042 3606 1191 3673 incensae
1213 3614 1290 3672 suot
1312 3603 1421 3674 abillo
1443 3605 1531 3675 scin·

303 3694 352 3766 las
367 3696 539 3767 Thronum.
942 3696 1027 3763 tillus
1050 3696 1237 3766 carbonum:
1268 3710 1431 3769 caeterum
1454 3718 1532 3767 cum

349 3797 383 3873 [ᾗ.
412 3790 458 3859 Os
490 3811 587 3859 suum
621 3791 746 3880 aperuit
769 3791 894 3885 sapion-
941 3792 1105 3881 caeperiot
1132 3789 1324 3884 praecedere
1353 3794 1532 3863 venientem

306 3884 370 3951 tias
393 3892 452 3953 etc.
942 3883 1055 3972 angeli
1079 3904 1154 3952 cum
1178 3882 1281 3968 tuba,
1305 3895 1339 3956 st
1359 3907 1441 3957 voce
1463 3902 1532 3952 ma·

511 3978 594 4045 Lect.
614 3994 681 4045 sun
936 3996 1009 4065 gua,
1034 3977 1165 4067 qnando
1189 3980 1323 4049 virtutes
1337 3980 1419 4051 coeli
1442 3996 1532 4045 com·

304 4020 460 4137 Domini
484 4072 579 4140 stiam
602 4090 665 4140 vox
688 4078 737 4139 est
759 4088 893 4138 monen-
939 4069 1166 4153 movebuntur,
1178 4072 1387 4165 interpellatio
1398 4066 1532 4163 ibiquid

305 4162 368 4242 tis,
396 4166 563 4245 terrentis,
603 4163 702 4258 idque
731 4160 893 4233 firmantis.
940 4161 1034 4233 inciet
1057 4164 1222 4235 mulieris?
1245 4168 1331 4237 Dum
1347 4185 1533 4237 commors-

305 4252 450 4343 vigitate,
476 4257 589 4347 inquit,
615 4268 648 4327 et
670 4265 768 4339 orate,
785 4266 821 4325 ut
844 4257 894 4325 di·
942 4254 1033 4329 bitur
1056 4260 1136 4350 ignis
1159 4260 1193 4329 in
1216 4261 1352 4331 circuitu
1377 4259 1475 4350 ejus,
1499 4268 1534 4331 et
