3584 5034
713 602 840 671 FESTA
857 542 975 674 lUllll
1414 596 1458 662 et

248 752 250 757 ·
479 715 560 784 Lect.
585 734 614 781 v.
822 792 831 806 Ι
865 712 1011 783 lectionis
1034 730 1157 778 sumus.
1175 707 1290 775 llultae
1305 706 1389 788 filiae
1413 707 1461 775 le·

231 754 320 874 Hic
345 825 422 894 ergo
447 807 506 875 iste
529 808 697 889 laboriosa,
733 809 814 897 vigi·
862 816 977 876 cerunt
999 806 1166 896 potentias,
1191 801 1310 869 multae
1332 801 1461 869 locutae

225 898 305 983 laus,
346 899 480 980 solicita,
522 923 633 971 severe
659 901 815 991 castigans
864 910 941 969 suut
963 898 1091 986 linguis,
1116 898 1258 965 scierunt
1272 895 1379 963 omnia
1402 894 1461 961 Sa·-

224 992 358 1060 domum
382 1015 484 1074 suem,
509 1017 644 1083 surgens
661 997 700 1063 de
716 998 818 1063 nocti·
868 1003 1041 1072 crementa,
1061 992 1204 1059 lecerunt
1227 991 1361 1055 virtutes
1378 986 1461 1053 mul·

225 1084 287 1153 bus
318 1086 444 1155 intuens
483 1088 646 1157 lucernam
683 1111 723 1156 ue
762 1110 818 1157 ex·
864 1099 922 1167 tas,
956 1085 1126 1151 daemonia
1148 1083 1375 1158 excluserunt,
1410 1100 1461 1147 res

222 1181 456 1268 tinguatur‚¹in
486 1182 689 1251 tribulatione
717 1183 818 1263 fortis,
869 1200 945 1247 suas
979 1176 1179 1269 pauperibus
1212 1174 1463 1253 distribuerunt,

222 1272 369 1339 noudum
382 1276 517 1364 receptis
526 1277 818 1366 promissispavens
865 1292 1002 1363 corpora
1026 1292 1085 1338 sua
1110 1269 1237 1372 ignibus
1255 1266 1462 1335 tradiderunt:

221 1363 357 1433 brachia
374 1387 433 1432 sua
448 1368 481 1433 in
498 1368 603 1435 lusum
617 1368 820 1449 confirmans,
868 1365 994 1433 inllatae
1031 1374 1122 1444 suut,
1164 1364 1242 1454 quia
1281 1360 1464 1428 charitatem

220 1479 291 1525 non
314 1460 441 1549 pigrum
466 1482 580 1550 panem
614 1460 824 1529 manducans
868 1480 932 1526 nou
957 1457 1146 1527 babuerunt.
1184 1459 1230 1523 Tu
1266 1466 1373 1521 autem
1409 1475 1465 1520 su-

223 1550 278 1619 Ob
302 1551 428 1620 labores
455 1554 532 1621 istos
563 1556 655 1644 quasi
681 1576 819 1645 pauper·
867 1554 997 1643 perasti,
1025 1562 1057 1619 et
1079 1550 1316 1642 superposuisti
1341 1567 1464 1641 omues,

222 1646 308 1724 tatis,
332 1655 364 1713 et
404 1648 598 1715 necessitatis
637 1648 820 1729 saecularis,
869 1666 932 1712 noo
958 1645 1061 1711 solum
1087 1644 1176 1724 flore,
1201 1642 1258 1711 sed
1283 1652 1317 1711 et
1346 1641 1466 1707 frustra

220 1738 305 1828 quid
330 1738 490 1829 erit,quia
508 1742 538 1806 in
562 1739 676 1809 diebus
710 1742 816 1809 novis·
864 1736 995 1827 gravida
1028 1737 1206 1805 abundans.
1229 1737 1308 1803 Date
1346 1734 1391 1801 illi
1423 1731 1465 1801 de

220 1832 314 1898 simis
338 1831 452 1899 laetata
475 1834 541 1901 est?
557 1834 635 1925 quid
660 1833 736 1902 erit?
748 1838 814 1901 Ad·
864 1832 1022 1909 fructibus
1039 1847 1193 1898 manuum
1210 1850 1357 1897 suarum.
1376 1825 1464 1907 Quid

221 1924 302 2005 dite;
327 1937 457 2017 propter
482 1950 579 2017 quam
604 1950 693 2020 spem
712 1927 822 1993 ardeat
870 1923 978 1991 date?
1016 1926 1127 1993 Venite
1162 1922 1323 1991 benedicti
1362 1921 1463 1988 Patris

220 2017 359 2085 lucerna
382 2030 577 2088 nostratota
603 2032 708 2102 nocte,
733 2038 820 2087 nuno
866 2018 941 2086 mei.
967 2018 1013 2085 De
1038 2017 1158 2107 quibus
1197 2016 1356 2084 fructibus
1394 2035 1467 2080 ma·

220 2109 345 2179 audite:
369 2112 583 2181 Surrexerunt
607 2114 661 2181 lilii
686 2116 766 2203 ejus,
790 2123 822 2182 et
866 2133 970 2178 nuum
995 2110 1095 2201 ejus?
1136 2111 1257 2179 esurivi
1297 2109 1393 2188 euim,
1433 2117 1480 2174 et·

218 2203 315 2270 ditati
339 2214 422 2270 suat.
448 2206 542 2275 lllodo
566 2210 598 2275 iu
633 2202 821 2299 paupertate
869 2203 1085 2272 dedistismihi
1104 2202 1360 2270 manducarellt
1374 2198 1465 2290 quod

220 2297 376 2379 vivimus,
401 2298 431 2364 iu
440 2311 626 2390 paupertate
643 2302 819 2389 vigilamus:
868 2298 913 2363 illi
938 2296 1054 2365 deinde
1078 2298 1240 2387 negotium
1264 2297 1334 2377 erit,
1367 2294 1464 2363 finitis

221 2402 358 2459 etcum
384 2394 550 2476 morimur,
575 2397 609 2462 in
637 2404 824 2487 paupertate
871 2389 1066 2459 laboribus?
1091 2402 1122 2458 et
1144 2388 1296 2457 laudetur
1336 2390 1368 2454 in
1391 2409 1468 2479 por·

224 2484 416 2554 dormimus:
451 2486 509 2554 sed
566 2510 736 2579 surgemus
789 2498 821 2555 et
869 2484 909 2551 tis
933 2488 983 2550 vir
1006 2484 1086 2571 ejus.
1112 2484 1186 2573 lpse
1201 2483 1261 2549 erit
1278 2491 1392 2572 portus
1417 2482 1466 2549 la-

224 2576 410 2649 ditabimur.
448 2581 539 2667 Quae
579 2583 653 2651 illae
694 2582 821 2649 divitiae
867 2576 985 2643 borum
1000 2588 1203 2657 nostrorum,
1223 2573 1334 2641 videre
1352 2577 1466 2655 Deum,

221 2680 305 2739 sunt
330 2672 560 2760 Angelorum?
578 2698 674 2743 unam
703 2686 824 2743 vestem
871 2668 1005 2737 laudare
1029 2670 1141 2737 Deum.

225 2762 349 2833 hebent
380 2763 471 2831 lucis:
511 2789 675 2858 uunquam
702 2769 823 2847 teritur,
918 2770 953 2844 ri.
977 2762 1088 2829 Fallax
1110 2772 1170 2829 etc.

224 2878 398 2947 nunquam
418 2858 614 2927 sordidatur.
627 2862 658 2927 Si
677 2859 761 2926 filius
788 2880 823 2927 es
981 2856 1023 2923 lN
1049 2856 1108 2922 ltt.
1132 2852 1357 2925 NOCTURNO

223 2950 373 3018 mulieris
398 2948 494 3040 hujus
524 2952 653 3021 attende
694 2952 825 3043 quando
918 2949 1027 3018 Lectio
1049 2949 1151 3017 sancti
1167 2948 1332 3039 Evangelii
1349 2967 1467 3017 seona·

223 3043 286 3111 tibi
313 3042 440 3111 divitiae
463 3048 695 3134 promittantur.
711 3046 824 3113 Surre-
871 3038 949 3110 dum
974 3042 1183 3112 Matthaeum.

223 3149 345 3216 xerunt
368 3134 423 3204 filii
448 3140 528 3227 ejus,
553 3150 587 3209 et
609 3140 704 3219 ditati
740 3148 825 3220 sunt,
1033 3136 1157 3206 'Lectio
1180 3156 1233 3202 ru.

224 3231 331 3323 parati
348 3234 594 3301 resurrectionis
609 3233 741 3303 divitias
773 3252 828 3299 ac·
875 3187 929 3299 lu
964 3230 1022 3297 illo
1057 3240 1209 3320 tempore:
1251 3228 1388 3297 accessit
1425 3226 1468 3297 ad

226 3326 348 3413 cipere.
373 3326 443 3394 Noli
469 3325 526 3395 bas
549 3349 667 3411 amare,
691 3338 728 3395 ut
752 3348 819 3395 rne-
866 3328 978 3393 lesum
1006 3332 1111 3408 mater
1141 3318 1281 3389 filiorum
1315 3321 1470 3391 Zebedaei

225 3419 330 3485 rearis
353 3417 394 3485 ad
418 3419 490 3489 illas
514 3423 632 3491 venire.
875 3437 951 3484 cum
976 3414 1050 3482 filiis
1074 3416 1153 3495 suis,
1178 3411 1334 3497 adorans,
1359 3427 1391 3485 et
1415 3438 1472 3509 pe-

280 3513 318 3588 ti:
338 3510 480 3583 llilexisti
505 3526 564 3583 etc.
875 3522 946 3578 tens
969 3507 1093 3599 aliquid
1117 3506 1158 3574 ab
1183 3530 1234 3577 oo.
1258 3510 1299 3575 Et
1314 3509 1447 3600 reliqua.

391 3632 394 3639 ·
430 3606 537 3676 Lectio
559 3629 600 3676 vt.
943 3602 1080 3671 Homilia
1105 3602 1209 3669 Sancti
1241 3603 1402 3671 Ambrosii

227 3646 305 3761 Et
327 3694 377 3762 vir
400 3697 469 3783 ejus
492 3700 634 3767 laudavit
649 3722 730 3769 eam.
747 3698 829 3765 ttul-
1100 3696 1249 3789 Episcopi

229 3800 298 3870 tae,
325 3788 450 3878 inquit,
474 3791 558 3861 filiae
594 3794 739 3863 lecerunt
774 3810 831 3881 po·
879 3740 1122 3870 considerate,
1150 3812 1235 3881 quae
1257 3799 1357 3857 mater
1386 3786 1471 3869 filiof

230 3882 377 3963 tentiam,
419 3881 531 3953 laudes
570 3896 665 3967 sunt,
709 3884 828 3975 quibus
876 3904 949 3951 rum
973 3881 1126 3951 Zebedaei
1151 3904 1226 3951 cum
1249 3882 1324 3949 filiis
1348 3891 1381 3949 et
1406 3902 1469 3973 pro

230 3997 307 4045 earn
331 3974 441 4043 laudet
453 3979 514 4069 ,vir
536 3980 614 4066 ejus.
630 3980 720 4059 Quae
735 3977 828 4058 filiae,
877 3976 949 4044 filiis
973 3986 1068 4066 petat.
1092 3976 1189 4043 Mater
1212 3986 1260 4043 est
1277 3976 1399 4063 utique,
1415 3980 1471 4043 cui

229 4068 356 4159 quibus
380 4068 459 4139 haec
489 4071 723 4161 comparator?
756 4070 827 4141 Non
874 4090 935 4161 pro
959 4068 1100 4138 filiorum
1117 4067 1237 4137 bonore
1254 4070 1386 4151 solicite,
1411 4072 1470 4160 im·

230 4172 449 4255 comparatur.
474 4164 521 4232 Tu
537 4176 643 4235 eutem
659 4165 824 4258 superasti.
875 4162 1069 4233 moderatior
1093 4161 1247 4252 quidem,
1273 4162 1332 4231 sed
1362 4174 1469 4233 tamen

229 4255 398 4329 Attendite
419 4278 498 4351 ergo
521 4280 591 4344 vos,
611 4260 680 4349 jam
708 4262 743 4329 in
768 4256 832 4329 fine
879 4256 1075 4347 ignoscenda
1091 4267 1468 4328 mensuravotorumest.
