3584 5034
216 694 241 721 τ
284 678 394 745 .sz
603 688 604 691 ¹
676 664 683 673 '
786 660 1029 745 rosrnuau

300 789 464 882 alphonso
497 789 704 870 successerat,
745 782 887 858 collectis
934 788 1043 856 castris
1066 783 1197 869 habens,
1241 787 1395 882 peculiari
1433 753 1525 863 cultu

297 884 422 971 magnis
446 882 646 964 exercitibus,
677 904 799 949 annuas
830 904 884 951 ex·
932 879 1196 972 prosequebatur.
1243 882 1342 971 Capta
1391 873 1525 972 Hispali,

299 976 592 1067 peditionesoontra
606 977 780 1046 Saracenos
796 974 884 1043 Chri·
932 974 1035 1065 prima
1057 974 1218 1063 religionis
1242 994 1322 1042 cura
1350 974 1419 1054 luit,
1450 996 1525 1041 nam

299 1070 390 1137 stiani
420 1072 556 1138 nominis
594 1068 700 1138 hostes
740 1069 888 1157 suscepit.
937 1068 1091 1157 templum
1130 1065 1326 1135 Maurorum
1354 1068 1525 1159 expiatum,

300 1162 338 1229 ln
362 1164 463 1253 queis,
499 1158 545 1231 nt¹
573 1184 699 1254 semper
737 1162 889 1242 vinceret,
939 1160 1418 1228 etChristianorumdedicatum
1430 1160 1529 1229 sacris

298 1258 461 1347 praecipui
486 1258 642 1325 exercitus
669 1257 758 1323 suere
775 1275 886 1344 preces
935 1254 1048 1342 insigni
1073 1252 1366 1345 Archiepiscopatu‚
1402 1264 1435 1322 et
1472 1253 1532 1321 bo-

221 1368 224 1372 ·
299 1349 431 1439 piissimi
451 1351 534 1439 regis
546 1350 587 1417 ad
603 1352 705 1417 Deum
728 1349 830 1427 lusae,
855 1358 887 1415 et
928 1348 1106 1415 nestissimo
1131 1348 1370 1429 canonicorum,
1407 1356 1439 1415 et
1479 1346 1528 1412 di·

300 1441 389 1531 quod
407 1452 480 1511 ante
495 1465 646 1533 pugnam,
664 1452 701 1507 ut
717 1439 775 1509 sibi
791 1442 891 1507 Deum
939 1441 1094 1528 gnitatum
1117 1439 1263 1529 collegio,
1285 1438 1384 1529 ¹regia,
1409 1450 1441 1508 et
1457 1440 1530 1507 reli-

299 1536 495 1626 propitiaret‚
509 1534 659 1625 llagrisin
674 1532 887 1614 sesaevie‘bat,
937 1534 1025 1620 glosa
1049 1532 1235 1603 liberalitate
1259 1534 1434 1601 exornavit.
1460 1533 1532 1600 Alia

300 1635 398 1718 atque
432 1646 545 1720 aspero
586 1623 690 1697 cilicio
729 1626 892 1695 muniebat
941 1624 1057 1693 deinde
1081 1626 1112 1692 in
1137 1626 1218 1693 urbe
1241 1626 1369 1717 templa,
1393 1638 1427 1693 et
1457 1646 1533 1695 coe·

300 1739 432 1812 corpus:
462 1723 574 1811 sicque
602 1724 744 1811 insignes
783 1728 893 1788 contra
940 1718 1038 1785 nebia
1060 1719 1168 1787 erexit:
1192 1720 1273 1785 inter
1297 1738 1382 1809 qnae
1406 1720 1533 1808 pietatis

301 1814 442 1903 ingentes
468 1815 652 1883 llaurornm
681 1815 765 1883 acies
793 1814 894 1881 victo·
941 1809 1055 1892 officia,
1081 1811 1160 1877 dum
1184 1812 1326 1899 trajicere
1342 1814 1375 1877 in
1391 1811 1549 1896 Africam¹

257 1986 258 1989 Ἴ
299 1908 363 1974 rias
387 1909 568 1998 reportavit,
593 1919 625 1977 et
646 1908 756 1999 plures
792 1906 890 1974 nrbes
938 1914 1039 1995 parat,
1057 1903 1355 1972 llabometannmin
1371 1925 1410 1971 ea
1427 1905 1530 1995 impe-

300 1998 477 2087 Cbristiano
524 2002 638 2082 cultui,
693 2001 890 2092 imperioque
939 2000 1024 2065 rium
1048 2017 1191 2079 eversus
1216 1996 1255 2064 ad
1283 1997 1455 2065 coelestem
1478 1990 1530 2065 re-

301 2095 447 2163 vestituit:
475 2105 508 2163 et
539 2095 715 2185 conquistis
756 2092 890 2172 Giennii,
939 2092 1021 2179 giam
1047 2104 1190 2158 vocatur.
1215 2092 1252 2157 ln
1275 2100 1417 2158 extremo
1445 2090 1530 2158 vitae

301 2186 483 2268 Cordubae,
508 2202 540 2257 et
566 2187 703 2254 llnrciae
719 2186 833 2275 regaie,
852 2205 890 2253 ac
914 2236 918 2243 .
939 2204 1042 2271 agone
1065 2206 1189 2251 sacram
1213 2183 1443 2251 Eucharistiam
1469 2202 1530 2277 pro

302 2279 487 2347 Granatensi
529 2280 676 2367 vectigali
715 2278 810 2361 lacto,
850 2277 893 2346 ad
940 2278 1056 2346 viatico
1080 2278 1219 2358 allatam,
1244 2278 1321 2345 lune
1344 2276 1385 2344 ad
1409 2277 1531 2344 collum

303 2374 548 2462 expugnandam
572 2372 734 2463 Hispalim,
774 2374 894 2463 prima·
940 2368 1080 2459 alligato,
1103 2380 1136 2439 et
1158 2370 1246 2438 humi
1287 2380 1416 2452 stratus,
1457 2392 1533 2439 cnm

301 2467 385 2532 riam
398 2468 554 2533 ‘Baeticae
584 2464 707 2547 urbem,
747 2466 891 2535 hortante
939 2464 1089 2557 lacrymis
1113 2462 1251 2531 ubertim
1276 2463 1355 2532 lusis
1383 2462 1531 2544 adorans,

304 2558 474 2626 invisione
493 2558 503 2652 (
519 2570 555 2627 ut
566 2558 714 2626 traditum
729 2558 801 2651 est)
819 2558 894 2625 bea·
942 2579 1046 2647 eaque
1071 2556 1173 2646 dignis
1200 2558 1395 2626 reverentiae
1426 2555 1533 2623 humi-

303 2661 338 2718 to
361 2650 487 2721 Isidoro
511 2654 588 2721 olim
607 2652 691 2719 illins
714 2652 806 2720 urbis
820 2653 894 2742 Epi·
941 2650 1048 2731 litatis,
1073 2660 1106 2717 et
1129 2649 1400 2719 catholicae'firlei
1440 2648 1533 2717 obte-

302 2766 405 2837 scopo
434 2748 574 2815 victricia
597 2746 686 2833 signa
728 2744 894 2813 transtulit.
942 2742 1130 2811 stationibus
1142 2755 1283 2836 accepta,
1296 2743 1488 2815 obdormivit
1499 2745 1532 2810 in

303 2838 342 2905 ln
366 2862 403 2905 ea
428 2840 594 2907 obsidione
615 2832 818 2927 praesentem
834 2836 891 2903 di·
941 2836 1088 2905 Domino.
1106 2838 1194 2905 lacet
1210 2839 1279 2927 ejus
1296 2856 1415 2929 corpus
1428 2837 1532 2905 incor-

305 2931 411 2997 vinam
429 2952 523 3022 opem
539 2931 893 3012 babuissolertur3nam
941 2940 1072 3022 ruptum
1129 2929 1236 2998 adhuc
1274 2942 1349 3022 post
1387 2940 1529 3021 quatuor

305 3024 440 3089 lerneam
478 3033 632 3101 catenam,
672 3042 756 3112 qnae
795 3046 893 3115 super
940 3024 1080 3105 saecula,
1103 3027 1137 3091 in
1161 3023 1281 3115 templo
1310 3025 1449 3091 maximo
1478 3022 1533 3088 Hi-

305 3116 428 3183 Boetim
450 3115 654 3183 transversim
677 3125 808 3183 extensa
831 3116 895 3183 lla-
943 3119 1092 3208 spalensi,
1126 3115 1444 3185 honorificentissimo
1486 3114 1534 3180 in·

306 3206 483 3292 hometanis
522 3228 581 3298 pro
619 3209 773 3300 repagulo
803 3208 891 3291 erat,
941 3212 1070 3279 clusum
1093 3209 1275 3299 sepulchro.

307 3312 418 3371 coorto
440 3302 585 3370 validiori
608 3313 714 3389 vento,
749 3322 815 3370 una
855 3324 894 3371 ex
988 3312 1021 3384 n.
1045 3304 1108 3373 lste
1131 3301 1238 3369 homo.

234 3456 236 3463 Α
302 3396 444 3464 navibus
467 3397 571 3485 regiis,
601 3396 693 3485 Regis
722 3398 818 3487 jussu
855 3417 896 3466 eo
989 3397 1027 3462 In
1056 3416 1101 3463 ιιι.
1140 3396 1227 3463 Noct.
1269 3388 1413 3461 Humilia
1457 3394 1530 3461 Vcn.

307 3487 422 3573 delata,
449 3500 535 3558 tanto
559 3490 687 3580 impetu·
719 3491 821 3581 fregit,
860 3500 896 3557 ut
942 3488 1045 3556 Bedne
1071 3486 1208 3576 Presbyt.
1233 3486 1268 3554 in
1287 3486 1406 3575 Eonnp.
1423 3484 1530 3554 Nolite

306 3579 432 3671 longine
484 3592 711 3675 praetervecta,
765 3592 895 3674 pontem
942 3581 1061 3646 timere.
1100 3580 1137 3646 de
1180 3577 1348 3651 Communi
1394 3582 1531 3672 Confess.

307 3698 441 3767 quoque
465 3677 615 3768 ligneum,
639 3687 671 3743 et
693 3676 789 3743 simul
817 3694 893 3763 spes
939 3693 1002 3739 noo
1026 3670 1141 3763 Pontis.
1454 3686 1459 3695 ·

306 3769 491 3839 Maurorum
515 3768 689 3860 obruperit,
713 3777 746 3837 et
767 3764 810 3835 ad
839 3764 896 3833 de·
1031 3842 1038 3861 .
1218 3804 1262 3820 -

270 3940 273 3947 Δ
308 3863 458 3933 ditionem
483 3864 630 3952 coegerit·
844 3894 847 3901 ·
1171 3898 1240 3965 ΜΕ
1266 3898 1320 3965 3⁴

354 3962 387 4037 tl.
414 3958 548 4029 Amavit.

550 4050 632 4118 Lep,
660 4066 700 4116 ῃ,
989 4116 994 4129 Ι
1020 4028 1051 4096 S.
1077 4029 1469 4099 transsumpsisse.

312 4098 405 4210 Tot
427 4142 574 4213 victorias
615 4139 726 4212 beatae
766 4141 900 4232 Virginis
1202 4142 1286 4231 dupi.
1491 4152 1506 4213 “.

247 4289 253 4305 .
314 4235 428 4304 llariae
450 4236 627 4327 patrocinio
658 4234 779 4305 terebat
807 4255 899 4305 acca·
997 4233 1113 4304 Οιιιιιιά
1136 4236 1173 4304 de
1200 4236 1318 4306 Oomm.
1345 4234 1434 4326 virg.
1475 4256 1537 4305 non

309 4340 391 4419 ptas3
416 4332 510 4419 eujus
534 4331 700 4422 imaginem
723 4350 835 4419 mum
862 4331 896 4400 in
944 4329 1060 4423 Morty.
1077 4340 1208 4420 praeta·
1229 4327 1399 4421 sequentia.
