3584 5034
313 614 378 681 tta
737 607 865 679 FESTA
889 605 1114 682 ducaturus

307 722 393 790 sticis
407 717 561 788 reficiens
586 718 731 800 delictis-3
765 721 810 785 in·
827 738 895 809 quo
941 727 1003 799 ota,
1020 719 1159 786 ineratus
1177 736 1262 807 ager,
1280 719 1351 788 vltis
1374 716 1537 787 lloridissi·

307 835 374 881 noo
396 813 598 881 manufactus
620 822 652 881 et
675 814 763 879 vario
779 810 896 880 decoro
937 811 1004 897 ma,
1032 811 1104 880 lons
1127 833 1228 902 aquas
1252 810 1428 893 effundens,
1444 814 1534 902 virgo

308 909 412 974 nitens
435 908 518 973 situs
541 918 589 975 est
615 906 785 996 spiritualis
803 925 901 995 spon·
947 925 1111 992 generans3
1137 916 1168 972 et
1204 916 1302 973 mater
1336 906 1394 975 viri
1418 907 1533 987 nescia,
1588 922 1591 930 ·

307 999 333 1066 si
357 999 525 1080 thalamus;
550 1000 582 1066 in
606 1019 673 1088 quo
690 998 827 1068 Verbum
846 1020 896 1065 er·
943 999 1142 1065 innocentiae
1166 997 1335 1066 thesaurus
1371 997 1537 1067 abscondi-

307 1103 427 1160 rantem
453 1092 621 1160 humanam
645 1093 773 1182 stirpem
804 1112 896 1159 revo-
943 1095 995 1157 tus
1018 1102 1049 1157 et
1072 1093 1296 1168 sanctimoniae
1321 1091 1430 1171 decus;
1448 1112 1538 1160 acce-

308 1205 381 1253 care
405 1185 524 1263 volens,
541 1186 738 1253 carnemsibi
755 1185 893 1274 despon·
938 1183 1088 1274 piissimis
1112 1185 1175 1251 tuis
1199 1207 1235 1252 ac
1261 1195 1401 1253 materna
1424 1197 1537 1253 aucto-

234 1308 236 1311 ·
307 1279 458 1360 savit,ut
480 1300 546 1360 eoS,
573 1281 628 1369 qui
644 1279 806 1345 voluntate
822 1297 896 1367 pro·
943 1278 1034 1344 ritate
1058 1277 1171 1345 validis
1195 1271 1343 1367 precihus
1360 1277 1400 1344 ad
1431 1278 1538 1345 Domi·

297 1388 300 1397 ’
307 1372 376 1461 pria
400 1380 541 1439 extorres
564 1372 640 1440 lacti
659 1373 797 1452 luerent,
815 1371 897 1451 Patri
946 1392 1024 1436 num
1048 1389 1085 1436 ao
1110 1371 1212 1438 Deum
1237 1373 1380 1439 omnium
1395 1370 1539 1438 condito-

309 1464 540 1532 reconciliaret.
883 1486 894 1530 ·.
949 1483 1029 1531 rem¹
1056 1463 1170 1531 Filium
1211 1475 1302 1532 tuum
1342 1487 1382 1532 ex
1417 1476 1446 1531 te
1471 1465 1539 1532 sine

353 1558 384 1630 li.
409 1559 529 1624 Hortus
545 1559 717 1626 conclusus
729 1578 820 1625 soror
832 1577 903 1626 mea
950 1567 1038 1647 patre
1050 1560 1212 1643 genitum,
1236 1557 1439 1626 ecclesiastici
1453 1557 1537 1626 ordi-

308 1669 435 1740 sponsa,
461 1650 572 1718 hortus
610 1652 804 1731 conclusus,
828 1651 899 1716 lons
946 1652 995 1716 nis
1019 1649 1234 1738 gubernacula
1259 1651 1308 1717 lec
1339 1651 1480 1738 dirigas,
1505 1662 1537 1718 et

299 1745 459 1831 ·signatus;
484 1741 505 1783 *
530 1745 721 1813 Emissiones
745 1755 818 1813 tuae
841 1745 900 1811 Pa·
947 1741 988 1813 ad
1005 1753 1133 1833 portum
1145 1744 1351 1834 tranquillum
1368 1743 1535 1833 perducas.

308 1836 444 1917 radisus,
470 1856 489 1903 o
516 1838 621 1905 llaria.
994 1837 1027 1912 ti.
1051 1836 1227 1924 Magnificat
1249 1839 1353 1902 anima
1379 1857 1448 1902 mea
1473 1837 1537 1903 Do·

354 1935 382 1998 i.
407 1929 501 2020 Aperi
526 1928 602 1997 mihi
636 1951 728 1999 soror
758 1951 838 2011 mea,
864 1949 898 1994 a·
945 1930 1078 2007 minum;
1104 1929 1126 1970 *
1150 1930 1230 2009 Quia
1254 1928 1328 1996 lecit
1352 1927 1429 1994 mihi
1468 1951 1538 1995 ma·

306 2021 390 2088 mica
414 2045 494 2104 mea,
519 2023 670 2091 columba
684 2047 765 2105 mea,
790 2025 900 2090 imma·
938 2041 1008 2110 ,gna
1033 2022 1087 2111 qui
1110 2032 1222 2113 potens
1247 2031 1305 2105 est,
1331 2033 1363 2088 et
1390 2031 1536 2089 sanctum

308 2113 414 2186 colata
440 2138 520 2185 mea.
546 2118 740 2185 Emissiones
762 2127 845 2184 tuae.
947 2136 1062 2183 nornen
1087 2117 1167 2204 ejus.

296 2208 299 2214 ’
518 2211 600 2278 Lect.
625 2230 689 2276 rur.
991 2208 1022 2276 il.
1049 2210 1132 2276 Ecce
1154 2211 1239 2277 enim
1263 2229 1303 2276 ex
1328 2206 1389 2274 hoo
1413 2203 1538 2276 beatam

205 2329 208 2341 ·
308 2247 410 2370 Ave
432 2300 490 2368 Dei
514 2321 605 2370 mons
640 2300 843 2392 praepinguis
866 2310 899 2370 et
944 2302 1127 2370 medicant
1160 2323 1270 2371 ornnes
1309 2301 1537 2390 generationes.

306 2392 480 2482 umbrosus
497 2395 527 2460 in
544 2398 901 2485 quoenutritusagnus
948 2396 1031 2474 Quia
1062 2396 1143 2464 lecit.
1173 2395 1280 2463 Gloria
1320 2395 1413 2460 Patri.
1454 2393 1538 2476 Quia

307 2480 468 2554 rationalis
491 2500 621 2579 peccata
644 2500 742 2578 atque
770 2487 900 2556 infirmi·
947 2487 1030 2556 lecit.

308 2588 388 2648 tates
412 2591 535 2648 nostras
559 2585 705 2671 portavit:
740 2603 853 2663 mons,
883 2604 903 2651 e
1164 2581 1246 2649 lect.
1270 2600 1314 2648 rx.
1507 2639 1511 2648 .

308 2693 374 2763 quo
398 2672 568 2743 devolutus
592 2675 655 2756 ille,
678 2676 767 2743 nulla
804 2697 902 2742 manu
953 2619 1165 2741 sacerdotes
1184 2675 1317 2763 justitia,
1329 2683 1361 2741 et
1376 2669 1537 2764 probatae,

308 2767 471 2856 praecisus
508 2767 614 2858 lapis,
638 2769 786 2835 contrivit
828 2790 900 2836 aras
947 2767 1166 2835 immaculatae
1205 2787 1243 2835 ao
1283 2767 1425 2834 sincerae
1463 2764 1539 2836 fidei
1661 2831 1662 2838 ,

308 2857 478 2940 idolorum,
502 2872 534 2929 et
557 2862 658 2929 lactus
681 2874 729 2928 est
745 2862 775 2927 iu
805 2871 903 2953 caput
949 2860 1139 2929 exultatione
1156 2851 1408 2954 splendidissime
1432 2859 1539 2928 indui·
1661 2913 1662 2916 η

309 2952 430 3040 auguli,
442 2953 592 3021 mirabilis
607 2956 639 3020 in
656 2955 760 3021 oculis
775 2957 899 3023 nostris.
947 2966 989 3021 to.
1015 2953 1207 3021 Orthodoxis
1230 2953 1458 3045 Principibus,
1482 2955 1538 3044 qui

309 3048 378 3112 Ave
401 3057 530 3114 sanctus
553 3048 610 3114 Doi
634 3046 792 3130 thronus,
819 3049 901 3115 divi·
948 3069 1025 3140 prae
1049 3047 1135 3118 omui
1173 3069 1337 3139 purpurea
1375 3057 1430 3114 aut
1466 3048 1538 3114 auri

308 3159 387 3205 num
412 3139 603 3222 donarium,
628 3139 747 3207 domus
769 3141 897 3230 gloriae,
947 3139 1134 3232 splendore,
1151 3151 1184 3208 et
1206 3162 1283 3231 prae
1298 3139 1476 3228 margaritis
1499 3159 1538 3208 ac

309 3231 536 3389 perpulchrum
560 3235 904 3314 oruamentum-cime-
949 3232 1110 3323 lapidibus
1133 3235 1287 3324 pretiosis,
1313 3244 1343 3300 te
1360 3233 1442 3300 nacti
1466 3241 1544 3300 suut
1660 3297 1661 3314 ,

323 3324 389 3391 ium
427 3325 589 3409 electum,
613 3337 646 3395 et
685 3330 784 3396 totius
816 3325 902 3394 orbis
941 3325 1088 3395 diadema
1111 3338 1143 3394 et
1165 3327 1383 3394 indumentum
1407 3343 1445 3390 ec
1484 3321 1542 3391 fir-

308 3418 570 3508 propitiatorium,
609 3421 803 3513 coelumque
845 3421 902 3489 Dei
950 3419 1283 3509 missimumregnisui
1308 3426 1541 3502 ornamentum,

308 3510 442 3598 gloriam
467 3534 627 3582 enarrans
651 3518 720 3582 Ave
756 3535 838 3581 urna
860 3536 901 3582 ex
947 3513 979 3578 in
1004 3512 1236 3602 tranquillone
1261 3529 1415 3603 prosero
1454 3521 1540 3580 statu

308 3623 392 3694 puro
416 3624 495 3672 auro
519 3605 671 3686 conllata,
695 3617 727 3674 et
749 3607 900 3675 suavissi·
946 3616 1070 3696 sceptra
1093 3604 1201 3694 dirige
1227 3605 1307 3673 liele
1332 3532 1412 3671 hhas
1436 3604 1537 3672 natio·

308 3717 393 3764 mam
416 3699 593 3768 animarum
620 3710 799 3768 nostrarum
823 3699 900 3766 dul·
945 3719 1003 3766 nes
1027 3697 1058 3764 iu
1082 3709 1113 3766 te
1137 3719 1175 3766 ao
1201 3700 1304 3766 Deum
1332 3719 1373 3766 ex
1395 3707 1427 3764 te
1450 3697 1537 3787 geni·
1659 3733 1660 3766 l

308 3789 463 3872 oedinam,
490 3793 648 3860 Christum
670 3793 814 3875 scilicet,
840 3793 896 3883 qui
944 3802 1012 3860 tum
1039 3790 1317 3882 blasphemantes,
1345 3810 1457 3858 eorum
1481 3811 1538 3882 pe·
1659 3837 1660 3865 i

308 3905 426 3952 manna
447 3895 506 3965 est,
530 3888 703 3956 continens.
727 3886 899 3978 Opurissi·
946 3884 1041 3952 dibus
1065 3895 1207 3954 sternens
1247 3883 1404 3973 subjicite:
1430 3883 1537 3974 subje·
1658 3949 1659 3976 ,

220 4006 224 4015 ·
309 3996 363 4044 ma
385 3989 416 4044 et
439 3980 524 4046 omni
559 3977 654 4048 laude
677 3991 709 4046 et
743 3977 899 4069 obsequio
945 3989 1099 4066 utumque
1123 3979 1288 4069 populum,
1301 3989 1337 4046 ut
1358 3975 1537 4044 secuudum
1656 3979 1659 4068 J

310 4065 492 4156 dignissima
532 4074 643 4162 Virgo,
671 4073 738 4141 Deo
762 4071 901 4139 dicatum
946 4071 1003 4138 Dei
1029 4083 1232 4162 praeceptum
1273 4071 1304 4138 in
1331 4070 1420 4138 suavi
1459 4065 1537 4136 obe·

309 4158 474 4231 donarium
490 4165 575 4234 omni
587 4177 803 4234 creaturarum
820 4185 899 4232 con·
945 4161 1079 4232 dientiae
1090 4164 1248 4254 obsequio
1258 4159 1445 4256 perseveret,
1457 4179 1536 4230 oon·

307 4250 416 4320 ditioni
440 4259 645 4347 praecellens,
668 4269 752 4328 terra
767 4279 830 4330 non
846 4278 897 4328 se-
944 4253 1077 4328 lirmato.
1102 4257 1201 4328 Tuam
1241 4258 1322 4328 hano
1360 4255 1530 4340 civitatem,
