<?xml version="1.0" encoding="UTF-8"?>
<!DOCTYPE html PUBLIC "-//W3C//DTD XHTML 1.0 Transitional//EN"
    "http://www.w3.org/TR/xhtml1/DTD/xhtml1-transitional.dtd">
<html xmlns="http://www.w3.org/1999/xhtml" xml:lang="en" lang="en">
 <head>
  <title>
</title>
<meta http-equiv="Content-Type" content="text/html;charset=utf-8" />
  <meta name='ocr-system' content='tesseract 3.04.00' />
  <meta name='ocr-capabilities' content='ocr_page ocr_carea ocr_par ocr_line ocrx_word'/>
</head>
<body>
  <div class='ocr_page' id='page_1' title='image "./officiasanctoru00churgoog/officiasanctoru00churgoog_0081.png"; bbox 0 0 3584 5034; ppageno 0'>
   <div class='ocr_carea' id='block_1_1' title="bbox 727 636 1481 709">
    <p class='ocr_par' dir='ltr' id='par_1_1' title="bbox 727 636 1481 709">
     <span class='ocr_line' id='line_1_1' title="bbox 727 636 1481 709; baseline -0.003 -2"><span class='ocrx_word' id='word_1_1' title='bbox 727 636 852 709; x_wconf 74' lang='lat' dir='ltr'><strong>FESTh</strong></span> <span class='ocrx_word' id='word_1_2' title='bbox 878 638 1018 707; x_wconf 72' lang='lat' dir='ltr'><strong>naath</strong></span> <span class='ocrx_word' id='word_1_3' title='bbox 1296 636 1301 644; x_wconf 80' lang='grc'><em>’</em></span> <span class='ocrx_word' id='word_1_4' title='bbox 1435 638 1481 706; x_wconf 82' lang='lat' dir='ltr'><strong>ot·</strong></span> 
     </span>
    </p>
   </div>
   <div class='ocr_carea' id='block_1_2' title="bbox 254 740 1547 4391">
    <p class='ocr_par' dir='ltr' id='par_1_2' title="bbox 255 740 1483 1963">
     <span class='ocr_line' id='line_1_2' title="bbox 257 740 1362 845; baseline -0.004 -23"><span class='ocrx_word' id='word_1_5' title='bbox 257 740 353 822; x_wconf 76' lang='lat' dir='ltr'><strong>Daui.</strong></span> <span class='ocrx_word' id='word_1_6' title='bbox 377 746 495 845; x_wconf 64' lang='lat' dir='ltr'><strong>&#39;Etiam</strong></span> <span class='ocrx_word' id='word_1_7' title='bbox 537 750 778 823; x_wconf 81' lang='lat' dir='ltr'><strong>tabernaculum</strong></span> <span class='ocrx_word' id='word_1_8' title='bbox 809 762 843 820; x_wconf 87' lang='lat' dir='ltr'><strong>et</strong></span> <span class='ocrx_word' id='word_1_9' title='bbox 889 751 997 821; x_wconf 80' lang='lat' dir='ltr'>Gloria</span> <span class='ocrx_word' id='word_1_10' title='bbox 1021 745 1113 819; x_wconf 78' lang='lat' dir='ltr'><strong>Patri.</strong></span> <span class='ocrx_word' id='word_1_11' title='bbox 1131 745 1237 842; x_wconf 79' lang='lat' dir='ltr'><strong>lpse&#39;.</strong></span> <span class='ocrx_word' id='word_1_12' title='bbox 1321 768 1327 779; x_wconf 84' lang='grc'><em>·</em></span> <span class='ocrx_word' id='word_1_13' title='bbox 1358 747 1362 757; x_wconf 89' lang='grc'>’</span> 
     </span>
     <span class='ocr_line' id='line_1_3' title="bbox 255 840 1362 935; baseline -0.005 -18"><span class='ocrx_word' id='word_1_14' title='bbox 255 840 463 917; x_wconf 72' lang='lat' dir='ltr'><strong>omnia&#39;vasa</strong></span> <span class='ocrx_word' id='word_1_15' title='bbox 485 849 651 917; x_wconf 87' lang='lat' dir='ltr'><strong>ministerii</strong></span> <span class='ocrx_word' id='word_1_16' title='bbox 688 845 843 935; x_wconf 78' lang='lat' dir='ltr'><strong>sanguine</strong></span> <span class='ocrx_word' id='word_1_17' title='bbox 1005 846 1053 913; x_wconf 79' lang='lat' dir='ltr'><strong>ln·</strong></span> <span class='ocrx_word' id='word_1_18' title='bbox 1073 842 1113 912; x_wconf 92' lang='lat' dir='ltr'><strong>ll.</strong></span> <span class='ocrx_word' id='word_1_19' title='bbox 1138 842 1362 913; x_wconf 73' lang='lat' dir='ltr'><strong>rocaduno</strong></span> 
     </span>
     <span class='ocr_line' id='line_1_4' title="bbox 255 936 1479 1031; baseline -0.002 -23"><span class='ocrx_word' id='word_1_20' title='bbox 255 941 400 1009; x_wconf 86' lang='lat' dir='ltr'><strong>similiter</strong></span> <span class='ocrx_word' id='word_1_21' title='bbox 424 943 566 1031; x_wconf 84' lang='lat' dir='ltr'><strong>aspersit</strong></span> <span class='ocrx_word' id='word_1_22' title='bbox 581 942 621 1007; x_wconf 82' lang='lat' dir='ltr'><strong>Et</strong></span> <span class='ocrx_word' id='word_1_23' title='bbox 635 939 741 1009; x_wconf 91' lang='lat' dir='ltr'><strong>omnia</strong></span> <span class='ocrx_word' id='word_1_24' title='bbox 763 958 845 1031; x_wconf 85' lang='lat' dir='ltr'><strong>pene</strong></span> <span class='ocrx_word' id='word_1_25' title='bbox 939 938 1063 1029; x_wconf 80' lang='lat' dir='ltr'><strong>Antiph.</strong></span> <span class='ocrx_word' id='word_1_26' title='bbox 1087 936 1342 1006; x_wconf 80' lang='lat' dir='ltr'><strong>Pilatusvolens</strong></span> <span class='ocrx_word' id='word_1_27' title='bbox 1356 937 1479 1029; x_wconf 88' lang='lat' dir='ltr'><strong>populo</strong></span> 
     </span>
     <span class='ocr_line' id='line_1_5' title="bbox 259 1030 1478 1195; baseline 0.002 -96"><span class='ocrx_word' id='word_1_28' title='bbox 259 1034 291 1101; x_wconf 88' lang='lat' dir='ltr'><strong>in</strong></span> <span class='ocrx_word' id='word_1_29' title='bbox 330 1033 703 1195; x_wconf 51' lang='lat' dir='ltr'><strong>spngtuinetsecundum‘</strong></span> <span class='ocrx_word' id='word_1_30' title='bbox 719 1126 726 1140; x_wconf 29' lang='grc' dir='ltr'>ι</span> <span class='ocrx_word' id='word_1_31' title='bbox 744 1032 847 1194; x_wconf 26' lang='grc' dir='ltr'><strong>Ιίεςειῖι</strong></span> <span class='ocrx_word' id='word_1_32' title='bbox 892 1033 1103 1195; x_wconf 56' lang='lat' dir='ltr'><strong>zatisppcere,</strong></span> <span class='ocrx_word' id='word_1_33' title='bbox 1127 1030 1256 1130; x_wconf 80' lang='lat' dir='ltr'><strong>tradidit</strong></span> <span class='ocrx_word' id='word_1_34' title='bbox 1285 1031 1346 1098; x_wconf 84' lang='lat' dir='ltr'><strong>illis</strong></span> <span class='ocrx_word' id='word_1_35' title='bbox 1368 1034 1478 1101; x_wconf 86' lang='lat' dir='ltr'><strong>lesum</strong></span> 
     </span>
     <span class='ocr_line' id='line_1_6' title="bbox 256 1144 1277 1197; baseline -0.002 -3"><span class='ocrx_word' id='word_1_36' title='bbox 256 1148 335 1194; x_wconf 87' lang='lat' dir='ltr'><strong>mun</strong></span> <span class='ocrx_word' id='word_1_37' title='bbox 359 1150 397 1194; x_wconf 88' lang='lat' dir='ltr'><strong>an</strong></span> <span class='ocrx_word' id='word_1_38' title='bbox 413 1148 495 1196; x_wconf 78' lang='lat' dir='ltr'><strong>urta</strong></span> <span class='ocrx_word' id='word_1_39' title='bbox 524 1151 592 1197; x_wconf 87' lang='lat' dir='ltr'><strong>srne</strong></span> <span class='ocrx_word' id='word_1_40' title='bbox 615 1149 671 1195; x_wconf 87' lang='lat' dir='ltr'><strong>san</strong></span> <span class='ocrx_word' id='word_1_41' title='bbox 695 1148 777 1194; x_wconf 84' lang='lat' dir='ltr'><strong>urms</strong></span> <span class='ocrx_word' id='word_1_42' title='bbox 800 1148 846 1195; x_wconf 89' lang='lat' dir='ltr'><strong>e·</strong></span> <span class='ocrx_word' id='word_1_43' title='bbox 914 1148 972 1194; x_wconf 69' lang='lat' dir='ltr'><strong>ave</strong></span> <span class='ocrx_word' id='word_1_44' title='bbox 997 1150 1023 1193; x_wconf 89' lang='lat' dir='ltr'><strong>rs</strong></span> <span class='ocrx_word' id='word_1_45' title='bbox 1046 1148 1185 1194; x_wconf 86' lang='lat' dir='ltr'><strong>caesum.</strong></span> <span class='ocrx_word' id='word_1_46' title='bbox 1273 1144 1277 1154; x_wconf 84' lang='grc'><strong><em>’</em></strong></span> 
     </span>
     <span class='ocr_line' id='line_1_7' title="bbox 260 1150 1479 1309; baseline -0.002 -22"><span class='ocrx_word' id='word_1_47' title='bbox 260 1212 386 1289; x_wconf 82' lang='lat' dir='ltr'><strong>lusione</strong></span> <span class='ocrx_word' id='word_1_48' title='bbox 411 1240 473 1287; x_wconf 93' lang='lat' dir='ltr'><strong>non</strong></span> <span class='ocrx_word' id='word_1_49' title='bbox 492 1220 527 1287; x_wconf 88' lang='lat' dir='ltr'><strong>fit</strong></span> <span class='ocrx_word' id='word_1_50' title='bbox 543 1150 695 1290; x_wconf 66' lang='lat' dir='ltr'><strong>remissiog.</strong></span> <span class='ocrx_word' id='word_1_51' title='bbox 934 1178 1058 1289; x_wconf 57' lang='lat' dir='ltr'><strong>tltsulrn.</strong></span> <span class='ocrx_word' id='word_1_52' title='bbox 1083 1221 1137 1286; x_wconf 70' lang='grc'><strong>22.</strong></span> <span class='ocrx_word' id='word_1_53' title='bbox 1154 1218 1308 1285; x_wconf 87' lang='lat' dir='ltr'><strong>Dominus</strong></span> <span class='ocrx_word' id='word_1_54' title='bbox 1324 1219 1404 1309; x_wconf 79' lang='lat' dir='ltr'><strong>regit</strong></span> <span class='ocrx_word' id='word_1_55' title='bbox 1420 1240 1479 1287; x_wconf 86' lang='lat' dir='ltr'><strong>me.</strong></span> 
     </span>
     <span class='ocr_line' id='line_1_8' title="bbox 306 1306 1483 1406; baseline 0 -27"><span class='ocrx_word' id='word_1_56' title='bbox 306 1318 338 1391; x_wconf 76' lang='lat' dir='ltr'><strong>d.</strong></span> <span class='ocrx_word' id='word_1_57' title='bbox 362 1306 488 1406; x_wconf 81' lang='lat' dir='ltr'><strong>Moyses</strong></span> <span class='ocrx_word' id='word_1_58' title='bbox 525 1324 689 1405; x_wconf 89' lang='lat' dir='ltr'><strong>sumptum</strong></span> <span class='ocrx_word' id='word_1_59' title='bbox 722 1314 850 1403; x_wconf 75' lang='lat' dir='ltr'><strong>sangui·</strong></span> <span class='ocrx_word' id='word_1_60' title='bbox 946 1313 1070 1403; x_wconf 78' lang='lat' dir='ltr'><strong>Antiph.</strong></span> <span class='ocrx_word' id='word_1_61' title='bbox 1093 1311 1219 1380; x_wconf 79' lang='lat' dir='ltr'><strong>l&#39;idens&#39;</strong></span> <span class='ocrx_word' id='word_1_62' title='bbox 1249 1322 1382 1394; x_wconf 84' lang='lat' dir='ltr'><strong>autem,</strong></span> <span class='ocrx_word' id='word_1_63' title='bbox 1407 1313 1483 1402; x_wconf 85' lang='lat' dir='ltr'><strong>qnia</strong></span> 
     </span>
     <span class='ocr_line' id='line_1_9' title="bbox 260 1403 1479 1499; baseline -0.002 -24"><span class='ocrx_word' id='word_1_64' title='bbox 260 1428 336 1497; x_wconf 86' lang='lat' dir='ltr'><strong>nem</strong></span> <span class='ocrx_word' id='word_1_65' title='bbox 366 1408 515 1498; x_wconf 79' lang='lat' dir='ltr'><strong>respersit</strong></span> <span class='ocrx_word' id='word_1_66' title='bbox 550 1410 582 1474; x_wconf 90' lang='lat' dir='ltr'><strong>in</strong></span> <span class='ocrx_word' id='word_1_67' title='bbox 606 1406 785 1499; x_wconf 90' lang='lat' dir='ltr'><strong>pupulum,</strong></span> <span class='ocrx_word' id='word_1_68' title='bbox 823 1404 844 1448; x_wconf 79' lang='lat'>*</span> <span class='ocrx_word' id='word_1_69' title='bbox 892 1403 968 1474; x_wconf 86' lang='lat' dir='ltr'><strong>nihil</strong></span> <span class='ocrx_word' id='word_1_70' title='bbox 991 1406 1185 1498; x_wconf 83' lang='lat' dir='ltr'><strong>proliceret,</strong></span> <span class='ocrx_word' id='word_1_71' title='bbox 1215 1416 1346 1495; x_wconf 78' lang='lat' dir='ltr'><strong>accepta</strong></span> <span class='ocrx_word' id='word_1_72' title='bbox 1385 1426 1479 1497; x_wconf 80' lang='lat' dir='ltr'><strong>aqua,</strong></span> 
     </span>
     <span class='ocr_line' id='line_1_10' title="bbox 259 1498 1482 1590; baseline 0 -24"><span class='ocrx_word' id='word_1_73' title='bbox 259 1500 299 1568; x_wconf 85' lang='lat' dir='ltr'><strong>Et</strong></span> <span class='ocrx_word' id='word_1_74' title='bbox 323 1501 374 1568; x_wconf 90' lang='lat' dir='ltr'><strong>ait:</strong></span> <span class='ocrx_word' id='word_1_75' title='bbox 399 1498 448 1565; x_wconf 89' lang='lat' dir='ltr'><strong>hic</strong></span> <span class='ocrx_word' id='word_1_76' title='bbox 471 1511 522 1568; x_wconf 87' lang='lat' dir='ltr'><strong>est</strong></span> <span class='ocrx_word' id='word_1_77' title='bbox 543 1502 674 1589; x_wconf 76' lang='lat' dir='ltr'><strong>sanguis</strong></span> <span class='ocrx_word' id='word_1_78' title='bbox 700 1498 847 1580; x_wconf 81' lang='lat' dir='ltr'><strong>laederis,</strong></span> <span class='ocrx_word' id='word_1_79' title='bbox 894 1500 972 1566; x_wconf 89' lang='lat' dir='ltr'><strong>lavit</strong></span> <span class='ocrx_word' id='word_1_80' title='bbox 994 1522 1109 1568; x_wconf 85' lang='lat' dir='ltr'><strong>manus</strong></span> <span class='ocrx_word' id='word_1_81' title='bbox 1132 1518 1241 1566; x_wconf 87' lang='lat' dir='ltr'><strong>coram</strong></span> <span class='ocrx_word' id='word_1_82' title='bbox 1264 1499 1397 1590; x_wconf 85' lang='lat' dir='ltr'><strong>populo,</strong></span> <span class='ocrx_word' id='word_1_83' title='bbox 1433 1498 1482 1566; x_wconf 89' lang='lat' dir='ltr'><strong>di·</strong></span> 
     </span>
     <span class='ocr_line' id='line_1_11' title="bbox 256 1590 1481 1752; baseline 0 -91"><span class='ocrx_word' id='word_1_84' title='bbox 256 1592 349 1683; x_wconf 89' lang='lat' dir='ltr'><strong>quod</strong></span> <span class='ocrx_word' id='word_1_85' title='bbox 366 1592 484 1752; x_wconf 81' lang='lat' dir='ltr'><strong>pepigit</strong></span> <span class='ocrx_word' id='word_1_86' title='bbox 499 1590 654 1661; x_wconf 80' lang='lat' dir='ltr'><strong>Dominus</strong></span> <span class='ocrx_word' id='word_1_87' title='bbox 670 1592 845 1689; x_wconf 26' lang='lat' dir='ltr'><strong>vobiscum..</strong></span> <span class='ocrx_word' id='word_1_88' title='bbox 892 1614 978 1661; x_wconf 87' lang='lat' dir='ltr'><strong>cens:</strong></span> <span class='ocrx_word' id='word_1_89' title='bbox 1001 1596 1155 1661; x_wconf 80' lang='lat' dir='ltr'><strong>innocens</strong></span> <span class='ocrx_word' id='word_1_90' title='bbox 1172 1612 1233 1682; x_wconf 80' lang='lat' dir='ltr'><strong>ego</strong></span> <span class='ocrx_word' id='word_1_91' title='bbox 1256 1612 1328 1661; x_wconf 88' lang='lat' dir='ltr'><strong>snm</strong></span> <span class='ocrx_word' id='word_1_92' title='bbox 1358 1615 1377 1660; x_wconf 89' lang='lat' dir='ltr'><strong>a</strong></span> <span class='ocrx_word' id='word_1_93' title='bbox 1408 1612 1481 1661; x_wconf 86' lang='lat' dir='ltr'><strong>san·</strong></span> 
     </span>
     <span class='ocr_line' id='line_1_12' title="bbox 306 1684 1344 1776; baseline 0 -23"><span class='ocrx_word' id='word_1_94' title='bbox 306 1690 336 1753; x_wconf 83' lang='lat' dir='ltr'><strong>rt.</strong></span> <span class='ocrx_word' id='word_1_95' title='bbox 362 1687 396 1753; x_wconf 87' lang='lat' dir='ltr'><strong>Fi</strong></span> <span class='ocrx_word' id='word_1_96' title='bbox 419 1702 438 1755; x_wconf 85' lang='lat' dir='ltr'><strong>¹e</strong></span> <span class='ocrx_word' id='word_1_97' title='bbox 462 1684 636 1755; x_wconf 85' lang='lat' dir='ltr'><strong>celebravit</strong></span> <span class='ocrx_word' id='word_1_98' title='bbox 663 1684 793 1767; x_wconf 78' lang='lat' dir='ltr'><strong>Pascha,</strong></span> <span class='ocrx_word' id='word_1_99' title='bbox 817 1694 850 1755; x_wconf 86' lang='lat' dir='ltr'><strong>et</strong></span> <span class='ocrx_word' id='word_1_100' title='bbox 895 1686 992 1776; x_wconf 78' lang='lat' dir='ltr'><strong>guina</strong></span> <span class='ocrx_word' id='word_1_101' title='bbox 1009 1687 1087 1774; x_wconf 88' lang='lat' dir='ltr'><strong>justi</strong></span> <span class='ocrx_word' id='word_1_102' title='bbox 1112 1685 1216 1775; x_wconf 88' lang='lat' dir='ltr'><strong>hujus.</strong></span> <span class='ocrx_word' id='word_1_103' title='bbox 1301 1688 1305 1694; x_wconf 85' lang='lat'>&#39;</span> <span class='ocrx_word' id='word_1_104' title='bbox 1339 1696 1344 1707; x_wconf 85' lang='grc'><strong>’</strong></span> 
     </span>
     <span class='ocr_line' id='line_1_13' title="bbox 258 1777 1481 1941; baseline 0 -94"><span class='ocrx_word' id='word_1_105' title='bbox 258 1779 424 1941; x_wconf 53' lang='grc' dir='ltr'><strong>εἲᾶιίῗιιίυἰε</strong></span> <span class='ocrx_word' id='word_1_106' title='bbox 447 1779 611 1940; x_wconf 61' lang='lat' dir='ltr'><strong>edusiopae,</strong></span> <span class='ocrx_word' id='word_1_107' title='bbox 637 1778 848 1941; x_wconf 45' lang='lat' dir='ltr'><strong>na,tqui&#39;ant·</strong></span> <span class='ocrx_word' id='word_1_108' title='bbox 932 1780 1060 1885; x_wconf 30' lang='lat' dir='ltr'><strong>,Paulae</strong></span> <span class='ocrx_word' id='word_1_109' title='bbox 1085 1781 1139 1847; x_wconf 69' lang='grc' dir='ltr'><strong>ΞΘ.</strong></span> <span class='ocrx_word' id='word_1_110' title='bbox 1163 1777 1317 1846; x_wconf 75' lang='lat' dir='ltr'><strong>Eralmbo</strong></span> <span class='ocrx_word' id='word_1_111' title='bbox 1351 1788 1394 1861; x_wconf 86' lang='lat' dir='ltr'><strong>te,</strong></span> <span class='ocrx_word' id='word_1_112' title='bbox 1417 1778 1481 1848; x_wconf 82' lang='lat' dir='ltr'><strong>Do·</strong></span> 
     </span>
     <span class='ocr_line' id='line_1_14' title="bbox 256 1885 989 1963; baseline -0.001 -22"><span class='ocrx_word' id='word_1_113' title='bbox 256 1894 275 1941; x_wconf 82' lang='grc' dir='ltr'><strong>ε</strong></span> <span class='ocrx_word' id='word_1_114' title='bbox 332 1885 364 1939; x_wconf 90' lang='lat' dir='ltr'><strong>at</strong></span> <span class='ocrx_word' id='word_1_115' title='bbox 398 1885 542 1954; x_wconf 88' lang='lat' dir='ltr'><strong>rrmrtrva,</strong></span> <span class='ocrx_word' id='word_1_116' title='bbox 592 1894 690 1963; x_wconf 78' lang='lat' dir='ltr'><strong>pere</strong></span> <span class='ocrx_word' id='word_1_117' title='bbox 718 1891 784 1942; x_wconf 85' lang='lat' dir='ltr'><strong>eos.</strong></span> <span class='ocrx_word' id='word_1_118' title='bbox 842 1925 848 1938; x_wconf 93' lang='lat'><em>.</em></span> <span class='ocrx_word' id='word_1_119' title='bbox 895 1894 989 1940; x_wconf 87' lang='lat' dir='ltr'><strong>mrne.</strong></span> 
     </span>
    </p>

    <p class='ocr_par' dir='ltr' id='par_1_3' title="bbox 254 1896 1499 3082">
     <span class='ocr_line' id='line_1_15' title="bbox 374 1896 1483 2057; baseline -0.002 -22"><span class='ocrx_word' id='word_1_120' title='bbox 374 1896 396 1965; x_wconf 69' lang='lat' dir='ltr'><strong>p</strong></span> <span class='ocrx_word' id='word_1_121' title='bbox 442 2044 446 2053; x_wconf 45' lang='grc'>,</span> <span class='ocrx_word' id='word_1_122' title='bbox 477 1970 561 2036; x_wconf 84' lang='lat' dir='ltr'><strong>Lect.</strong></span> <span class='ocrx_word' id='word_1_123' title='bbox 583 1896 634 2033; x_wconf 72' lang='grc' dir='ltr'><strong>1ιὲ</strong></span> <span class='ocrx_word' id='word_1_124' title='bbox 741 1986 744 1989; x_wconf 91' lang='grc'><em>·</em></span> <span class='ocrx_word' id='word_1_125' title='bbox 938 1962 1063 2054; x_wconf 81' lang='lat' dir='ltr'><strong>Antipl.</strong></span> <span class='ocrx_word' id='word_1_126' title='bbox 1079 1962 1331 2057; x_wconf 79' lang='lat' dir='ltr'><strong>lit&#39;re&#39;spondens</strong></span> <span class='ocrx_word' id='word_1_127' title='bbox 1354 1969 1483 2034; x_wconf 88' lang='lat' dir='ltr'><strong>univer-</strong></span> 
     </span>
     <span class='ocr_line' id='line_1_16' title="bbox 258 2010 1481 2151; baseline 0.007 -31"><span class='ocrx_word' id='word_1_128' title='bbox 258 2010 455 2129; x_wconf 76' lang='lat' dir='ltr'><strong>flaben&#39;tes</strong></span> <span class='ocrx_word' id='word_1_129' title='bbox 479 2061 586 2151; x_wconf 87' lang='lat' dir='ltr'><strong>itaque</strong></span> <span class='ocrx_word' id='word_1_130' title='bbox 610 2060 733 2141; x_wconf 81' lang='lat' dir='ltr'><strong>iratres,</strong></span> <span class='ocrx_word' id='word_1_131' title='bbox 747 2057 846 2127; x_wconf 82' lang='lat' dir='ltr'><strong>lidu·</strong></span> <span class='ocrx_word' id='word_1_132' title='bbox 891 2052 951 2127; x_wconf 78' lang='lat' dir='ltr'><strong>sus</strong></span> <span class='ocrx_word' id='word_1_133' title='bbox 973 2058 1124 2150; x_wconf 89' lang='lat' dir='ltr'><strong>populus,</strong></span> <span class='ocrx_word' id='word_1_134' title='bbox 1148 2057 1234 2126; x_wconf 82' lang='lat' dir='ltr'><strong>dixit:</strong></span> <span class='ocrx_word' id='word_1_135' title='bbox 1257 2060 1388 2150; x_wconf 79' lang='lat' dir='ltr'><strong>sanguis</strong></span> <span class='ocrx_word' id='word_1_136' title='bbox 1411 2060 1481 2149; x_wconf 85' lang='lat' dir='ltr'><strong>ejus</strong></span> 
     </span>
     <span class='ocr_line' id='line_1_17' title="bbox 254 2150 1481 2244; baseline 0.002 -26"><span class='ocrx_word' id='word_1_137' title='bbox 254 2152 339 2219; x_wconf 86' lang='lat' dir='ltr'><strong>eiam</strong></span> <span class='ocrx_word' id='word_1_138' title='bbox 371 2154 403 2218; x_wconf 93' lang='lat' dir='ltr'><strong>in</strong></span> <span class='ocrx_word' id='word_1_139' title='bbox 433 2154 566 2229; x_wconf 88' lang='lat' dir='ltr'><strong>introitu</strong></span> <span class='ocrx_word' id='word_1_140' title='bbox 600 2163 781 2221; x_wconf 87' lang='lat' dir='ltr'><strong>sanctorum</strong></span> <span class='ocrx_word' id='word_1_141' title='bbox 812 2154 845 2219; x_wconf 90' lang='lat' dir='ltr'><strong>in</strong></span> <span class='ocrx_word' id='word_1_142' title='bbox 891 2172 989 2244; x_wconf 87' lang='lat' dir='ltr'><strong>snper</strong></span> <span class='ocrx_word' id='word_1_143' title='bbox 1001 2170 1069 2233; x_wconf 86' lang='lat' dir='ltr'><strong>nos,</strong></span> <span class='ocrx_word' id='word_1_144' title='bbox 1081 2161 1114 2218; x_wconf 91' lang='lat' dir='ltr'><strong>et</strong></span> <span class='ocrx_word' id='word_1_145' title='bbox 1128 2174 1166 2219; x_wconf 90' lang='lat' dir='ltr'><strong>su</strong></span> <span class='ocrx_word' id='word_1_146' title='bbox 1211 2150 1328 2221; x_wconf 82' lang='lat' dir='ltr'><strong>rdlius</strong></span> <span class='ocrx_word' id='word_1_147' title='bbox 1345 2163 1481 2222; x_wconf 64' lang='lat' dir='ltr'><strong>nosnos:</strong></span> 
     </span>
     <span class='ocr_line' id='line_1_18' title="bbox 256 2242 1482 2337; baseline 0.002 -24"><span class='ocrx_word' id='word_1_148' title='bbox 256 2245 414 2334; x_wconf 81' lang='lat' dir='ltr'><strong>sanguine</strong></span> <span class='ocrx_word' id='word_1_149' title='bbox 436 2244 559 2327; x_wconf 78' lang='lat' dir='ltr'><strong>Christi,</strong></span> <span class='ocrx_word' id='word_1_150' title='bbox 583 2268 681 2337; x_wconf 87' lang='lat' dir='ltr'><strong>quam</strong></span> <span class='ocrx_word' id='word_1_151' title='bbox 715 2245 847 2314; x_wconf 79' lang='lat' dir='ltr'><strong>initiavit</strong></span> <span class='ocrx_word' id='word_1_152' title='bbox 940 2246 1059 2314; x_wconf 84' lang='lat' dir='ltr'><strong>Psulm.</strong></span> <span class='ocrx_word' id='word_1_153' title='bbox 1084 2247 1139 2313; x_wconf 81' lang='grc'><strong>63.</strong></span> <span class='ocrx_word' id='word_1_154' title='bbox 1191 2242 1286 2315; x_wconf 80' lang='lat' dir='ltr'><strong>xaudl</strong></span> <span class='ocrx_word' id='word_1_155' title='bbox 1302 2248 1388 2316; x_wconf 82' lang='lat' dir='ltr'><strong>Deus</strong></span> <span class='ocrx_word' id='word_1_156' title='bbox 1410 2268 1482 2316; x_wconf 87' lang='lat' dir='ltr'><strong>era·</strong></span> 
     </span>
     <span class='ocr_line' id='line_1_19' title="bbox 258 2334 1150 2421; baseline 0 -16"><span class='ocrx_word' id='word_1_157' title='bbox 258 2334 352 2405; x_wconf 89' lang='lat' dir='ltr'><strong>nohis</strong></span> <span class='ocrx_word' id='word_1_158' title='bbox 376 2339 459 2407; x_wconf 88' lang='lat' dir='ltr'><strong>viam</strong></span> <span class='ocrx_word' id='word_1_159' title='bbox 484 2358 610 2421; x_wconf 87' lang='lat' dir='ltr'><strong>novam,</strong></span> <span class='ocrx_word' id='word_1_160' title='bbox 635 2349 668 2408; x_wconf 88' lang='lat' dir='ltr'><strong>ot</strong></span> <span class='ocrx_word' id='word_1_161' title='bbox 691 2341 847 2407; x_wconf 85' lang='lat' dir='ltr'><strong>viventem</strong></span> <span class='ocrx_word' id='word_1_162' title='bbox 895 2339 1012 2410; x_wconf 80' lang='lat' dir='ltr'><strong>tionem</strong></span> <span class='ocrx_word' id='word_1_163' title='bbox 1037 2359 1150 2407; x_wconf 89' lang='lat' dir='ltr'><strong>meam.</strong></span> 
     </span>
     <span class='ocr_line' id='line_1_20' title="bbox 257 2428 1499 2523; baseline 0 -24"><span class='ocrx_word' id='word_1_164' title='bbox 257 2449 316 2522; x_wconf 86' lang='lat' dir='ltr'><strong>por</strong></span> <span class='ocrx_word' id='word_1_165' title='bbox 341 2428 500 2513; x_wconf 88' lang='lat' dir='ltr'><strong>velamen,</strong></span> <span class='ocrx_word' id='word_1_166' title='bbox 518 2432 599 2503; x_wconf 90' lang='lat' dir='ltr'><strong>idest</strong></span> <span class='ocrx_word' id='word_1_167' title='bbox 614 2453 742 2501; x_wconf 85' lang='lat' dir='ltr'><strong>carnem</strong></span> <span class='ocrx_word' id='word_1_168' title='bbox 759 2452 851 2503; x_wconf 88' lang='lat' dir='ltr'><strong>suam</strong></span> <span class='ocrx_word' id='word_1_169' title='bbox 944 2434 974 2499; x_wconf 79' lang='lat' dir='ltr'><strong>l.</strong></span> <span class='ocrx_word' id='word_1_170' title='bbox 999 2433 1135 2523; x_wconf 77' lang='lat' dir='ltr'><strong>Sanguis</strong></span> <span class='ocrx_word' id='word_1_171' title='bbox 1169 2434 1250 2503; x_wconf 83' lang='lat' dir='ltr'><strong>lesu</strong></span> <span class='ocrx_word' id='word_1_172' title='bbox 1276 2432 1389 2502; x_wconf 80' lang='lat' dir='ltr'><strong>Christi</strong></span> <span class='ocrx_word' id='word_1_173' title='bbox 1414 2432 1499 2514; x_wconf 81' lang='lat' dir='ltr'><strong>Filii</strong></span> 
     </span>
     <span class='ocr_line' id='line_1_21' title="bbox 255 2524 1245 2618; baseline -0.003 -26"><span class='ocrx_word' id='word_1_174' title='bbox 255 2535 292 2592; x_wconf 92' lang='lat' dir='ltr'><strong>et</strong></span> <span class='ocrx_word' id='word_1_175' title='bbox 315 2524 519 2598; x_wconf 81' lang='lat' dir='ltr'><strong>Sacerdotem</strong></span> <span class='ocrx_word' id='word_1_176' title='bbox 559 2548 709 2616; x_wconf 84' lang='lat' dir='ltr'><strong>magnum</strong></span> <span class='ocrx_word' id='word_1_177' title='bbox 748 2544 846 2618; x_wconf 89' lang='lat' dir='ltr'><strong>super</strong></span> <span class='ocrx_word' id='word_1_178' title='bbox 892 2525 959 2595; x_wconf 85' lang='lat' dir='ltr'><strong>Dei.</strong></span> <span class='ocrx_word' id='word_1_179' title='bbox 1242 2530 1245 2538; x_wconf 88' lang='lat'>&#39;</span> 
     </span>
     <span class='ocr_line' id='line_1_22' title="bbox 259 2616 1483 2711; baseline -0.001 -23"><span class='ocrx_word' id='word_1_180' title='bbox 259 2616 391 2691; x_wconf 88' lang='lat' dir='ltr'><strong>domum</strong></span> <span class='ocrx_word' id='word_1_181' title='bbox 431 2620 516 2701; x_wconf 86' lang='lat' dir='ltr'><strong>Dei,</strong></span> <span class='ocrx_word' id='word_1_182' title='bbox 540 2618 732 2707; x_wconf 80' lang='lat' dir='ltr'><strong>accedamus</strong></span> <span class='ocrx_word' id='word_1_183' title='bbox 773 2641 849 2688; x_wconf 91' lang='lat' dir='ltr'><strong>cum</strong></span> <span class='ocrx_word' id='word_1_184' title='bbox 941 2620 975 2695; x_wconf 80' lang='lat' dir='ltr'><strong>tl.</strong></span> <span class='ocrx_word' id='word_1_185' title='bbox 998 2616 1390 2689; x_wconf 80' lang='lat' dir='ltr'><strong>Emnndetnosabomui</strong></span> <span class='ocrx_word' id='word_1_186' title='bbox 1406 2641 1483 2711; x_wconf 92' lang='lat' dir='ltr'><strong>pec-</strong></span> 
     </span>
     <span class='ocr_line' id='line_1_23' title="bbox 258 2708 1214 2805; baseline 0.001 -27"><span class='ocrx_word' id='word_1_187' title='bbox 258 2714 336 2781; x_wconf 83' lang='lat' dir='ltr'><strong>verh</strong></span> <span class='ocrx_word' id='word_1_188' title='bbox 358 2710 458 2789; x_wconf 85' lang='lat' dir='ltr'><strong>¹corde</strong></span> <span class='ocrx_word' id='word_1_189' title='bbox 481 2716 514 2780; x_wconf 92' lang='lat' dir='ltr'><strong>in</strong></span> <span class='ocrx_word' id='word_1_190' title='bbox 539 2712 734 2805; x_wconf 81' lang='lat' dir='ltr'><strong>plenitudine</strong></span> <span class='ocrx_word' id='word_1_191' title='bbox 761 2708 846 2794; x_wconf 62' lang='lat' dir='ltr'><strong>onan</strong></span> <span class='ocrx_word' id='word_1_192' title='bbox 893 2722 975 2780; x_wconf 88' lang='lat' dir='ltr'><strong>cato.</strong></span> <span class='ocrx_word' id='word_1_193' title='bbox 1209 2777 1214 2789; x_wconf 82' lang='grc'><strong>,</strong></span> 
     </span>
     <span class='ocr_line' id='line_1_24' title="bbox 256 2804 1483 2965; baseline 0.002 -93"><span class='ocrx_word' id='word_1_194' title='bbox 256 2804 501 2963; x_wconf 70' lang='lat' dir='ltr'><strong>pspersibporda</strong></span> <span class='ocrx_word' id='word_1_195' title='bbox 524 2827 543 2872; x_wconf 90' lang='lat' dir='ltr'><strong>a</strong></span> <span class='ocrx_word' id='word_1_196' title='bbox 567 2808 757 2875; x_wconf 87' lang='lat' dir='ltr'><strong>conscientia</strong></span> <span class='ocrx_word' id='word_1_197' title='bbox 782 2828 848 2965; x_wconf 64' lang='lat' dir='ltr'><strong>ipa-</strong></span> <span class='ocrx_word' id='word_1_198' title='bbox 942 2805 1053 2917; x_wconf 76' lang='lat' dir='ltr'><strong>Sermo</strong></span> <span class='ocrx_word' id='word_1_199' title='bbox 1075 2804 1182 2873; x_wconf 86' lang='lat' dir='ltr'><strong>Sancti</strong></span> <span class='ocrx_word' id='word_1_200' title='bbox 1206 2806 1335 2875; x_wconf 84' lang='lat' dir='ltr'><strong>loannis</strong></span> <span class='ocrx_word' id='word_1_201' title='bbox 1366 2806 1483 2917; x_wconf 73' lang='lat' dir='ltr'><strong>Crysu·</strong></span> 
     </span>
     <span class='ocr_line' id='line_1_25' title="bbox 261 2907 1262 3082; baseline -0.001 -23"><span class='ocrx_word' id='word_1_202' title='bbox 261 2907 847 3082; x_wconf 61' lang='lat' dir='ltr'><strong>trtluttttlhtttltat</strong></span> <span class='ocrx_word' id='word_1_203' title='bbox 891 2911 998 3040; x_wconf 50' lang='grc' dir='ltr'><strong>ΜΤ</strong></span> <span class='ocrx_word' id='word_1_204' title='bbox 1115 2993 1198 3062; x_wconf 58' lang='grc' dir='ltr'><strong>ιε.</strong></span> <span class='ocrx_word' id='word_1_205' title='bbox 1221 3012 1262 3060; x_wconf 67' lang='lat' dir='ltr'><strong>n.</strong></span> 
     </span>
    </p>

    <p class='ocr_par' dir='ltr' id='par_1_4' title="bbox 256 3036 1547 3457">
     <span class='ocr_line' id='line_1_26' title="bbox 256 3036 1547 3175; baseline 0 -24"><span class='ocrx_word' id='word_1_206' title='bbox 256 3105 333 3165; x_wconf 61' lang='lat' dir='ltr'><strong>‚nem</strong></span> <span class='ocrx_word' id='word_1_207' title='bbox 352 3082 616 3174; x_wconf 81' lang='lat' dir='ltr'><strong>indeclinabilem,</strong></span> <span class='ocrx_word' id='word_1_208' title='bbox 634 3084 747 3175; x_wconf 85' lang='lat' dir='ltr'><strong>(fidelis</strong></span> <span class='ocrx_word' id='word_1_209' title='bbox 763 3086 847 3154; x_wconf 87' lang='lat' dir='ltr'><strong>enim</strong></span> <span class='ocrx_word' id='word_1_210' title='bbox 894 3036 1031 3165; x_wconf 75' lang='lat' dir='ltr'><strong>Vultis</strong></span> <span class='ocrx_word' id='word_1_211' title='bbox 1053 3088 1218 3175; x_wconf 81' lang='lat' dir='ltr'><strong>sanguinis</strong></span> <span class='ocrx_word' id='word_1_212' title='bbox 1241 3085 1358 3155; x_wconf 83' lang='lat' dir='ltr'><strong>Christi</strong></span> <span class='ocrx_word' id='word_1_213' title='bbox 1392 3085 1483 3155; x_wconf 88' lang='lat' dir='ltr'><strong>audi·</strong></span> <span class='ocrx_word' id='word_1_214' title='bbox 1543 3102 1547 3109; x_wconf 87' lang='lat'>·</span> 
     </span>
     <span class='ocr_line' id='line_1_27' title="bbox 262 3173 1483 3270; baseline 0.002 -25"><span class='ocrx_word' id='word_1_215' title='bbox 262 3187 312 3245; x_wconf 90' lang='lat' dir='ltr'><strong>est</strong></span> <span class='ocrx_word' id='word_1_216' title='bbox 335 3177 390 3268; x_wconf 90' lang='lat' dir='ltr'><strong>qui</strong></span> <span class='ocrx_word' id='word_1_217' title='bbox 416 3173 604 3270; x_wconf 78' lang='lat' dir='ltr'><strong>repromisit)</strong></span> <span class='ocrx_word' id='word_1_218' title='bbox 620 3190 652 3247; x_wconf 87' lang='lat' dir='ltr'><strong>ot</strong></span> <span class='ocrx_word' id='word_1_219' title='bbox 667 3177 849 3249; x_wconf 85' lang='lat' dir='ltr'><strong>considera·</strong></span> <span class='ocrx_word' id='word_1_220' title='bbox 896 3200 932 3247; x_wconf 81' lang='lat' dir='ltr'><strong>m</strong></span> <span class='ocrx_word' id='word_1_221' title='bbox 955 3179 1127 3248; x_wconf 83' lang='lat' dir='ltr'><strong>virtutem?</strong></span> <span class='ocrx_word' id='word_1_222' title='bbox 1151 3179 1330 3251; x_wconf 81' lang='lat' dir='ltr'><strong>Redeamus</strong></span> <span class='ocrx_word' id='word_1_223' title='bbox 1352 3179 1393 3250; x_wconf 86' lang='lat' dir='ltr'><strong>ad</strong></span> <span class='ocrx_word' id='word_1_224' title='bbox 1413 3181 1483 3270; x_wconf 85' lang='lat' dir='ltr'><strong>ejus</strong></span> 
     </span>
     <span class='ocr_line' id='line_1_28' title="bbox 261 3269 1484 3367; baseline 0.002 -30"><span class='ocrx_word' id='word_1_225' title='bbox 261 3292 335 3339; x_wconf 89' lang='lat' dir='ltr'><strong>mus</strong></span> <span class='ocrx_word' id='word_1_226' title='bbox 358 3272 491 3341; x_wconf 85' lang='lat' dir='ltr'><strong>invicem</strong></span> <span class='ocrx_word' id='word_1_227' title='bbox 516 3269 555 3340; x_wconf 87' lang='lat' dir='ltr'><strong>in¹</strong></span> <span class='ocrx_word' id='word_1_228' title='bbox 588 3272 846 3364; x_wconf 86' lang='lat' dir='ltr'><strong>provocationem</strong></span> <span class='ocrx_word' id='word_1_229' title='bbox 893 3274 1087 3365; x_wconf 87' lang='lat' dir='ltr'><strong>exemplum,</strong></span> <span class='ocrx_word' id='word_1_230' title='bbox 1109 3283 1153 3341; x_wconf 70' lang='lat' dir='ltr'><strong>‘et</strong></span> <span class='ocrx_word' id='word_1_231' title='bbox 1192 3275 1330 3363; x_wconf 87' lang='lat' dir='ltr'><strong>priorem</strong></span> <span class='ocrx_word' id='word_1_232' title='bbox 1371 3283 1484 3367; x_wconf 79' lang='lat' dir='ltr'><strong>typum</strong></span> 
     </span>
     <span class='ocr_line' id='line_1_29' title="bbox 260 3364 1484 3457; baseline 0.003 -26"><span class='ocrx_word' id='word_1_233' title='bbox 260 3365 398 3455; x_wconf 77' lang='lat' dir='ltr'><strong>caritatis</strong></span> <span class='ocrx_word' id='word_1_234' title='bbox 422 3377 453 3436; x_wconf 94' lang='lat' dir='ltr'><strong>et</strong></span> <span class='ocrx_word' id='word_1_235' title='bbox 477 3364 634 3433; x_wconf 92' lang='lat' dir='ltr'><strong>honorum</strong></span> <span class='ocrx_word' id='word_1_236' title='bbox 658 3387 801 3457; x_wconf 90' lang='lat' dir='ltr'><strong>operum.</strong></span> <span class='ocrx_word' id='word_1_237' title='bbox 898 3365 1116 3447; x_wconf 76' lang='lat' dir='ltr'><strong>recordemur,</strong></span> <span class='ocrx_word' id='word_1_238' title='bbox 1141 3376 1174 3433; x_wconf 87' lang='lat' dir='ltr'><strong>et</strong></span> <span class='ocrx_word' id='word_1_239' title='bbox 1195 3367 1358 3456; x_wconf 86' lang='lat' dir='ltr'><strong>pristinam</strong></span> <span class='ocrx_word' id='word_1_240' title='bbox 1398 3368 1484 3435; x_wconf 85' lang='lat' dir='ltr'><strong>Scri-</strong></span> 
     </span>
    </p>

    <p class='ocr_par' dir='ltr' id='par_1_5' title="bbox 258 3457 1536 3924">
     <span class='ocr_line' id='line_1_30' title="bbox 307 3457 1485 3555; baseline 0.002 -30"><span class='ocrx_word' id='word_1_241' title='bbox 307 3462 339 3536; x_wconf 71' lang='lat' dir='ltr'><strong>h.</strong></span> <span class='ocrx_word' id='word_1_242' title='bbox 365 3457 440 3542; x_wconf 82' lang='lat' dir='ltr'><strong>Vos,</strong></span> <span class='ocrx_word' id='word_1_243' title='bbox 463 3460 520 3549; x_wconf 88' lang='lat' dir='ltr'><strong>qui</strong></span> <span class='ocrx_word' id='word_1_244' title='bbox 543 3460 718 3549; x_wconf 88' lang='lat' dir='ltr'><strong>aliquando</strong></span> <span class='ocrx_word' id='word_1_245' title='bbox 756 3460 851 3527; x_wconf 90' lang='lat' dir='ltr'><strong>eratis</strong></span> <span class='ocrx_word' id='word_1_246' title='bbox 888 3470 1023 3551; x_wconf 80' lang='lat' dir='ltr'><strong>-pturam</strong></span> <span class='ocrx_word' id='word_1_247' title='bbox 1060 3480 1235 3527; x_wconf 86' lang='lat' dir='ltr'><strong>narremus.</strong></span> <span class='ocrx_word' id='word_1_248' title='bbox 1276 3460 1313 3527; x_wconf 91' lang='lat' dir='ltr'><strong>ln</strong></span> <span class='ocrx_word' id='word_1_249' title='bbox 1350 3462 1485 3555; x_wconf 76' lang='lat' dir='ltr'><strong>AEgypto</strong></span> 
     </span>
     <span class='ocr_line' id='line_1_31' title="bbox 260 3546 1486 3646; baseline 0.004 -31"><span class='ocrx_word' id='word_1_250' title='bbox 260 3546 366 3637; x_wconf 81' lang='lat' dir='ltr'><strong>longe,</strong></span> <span class='ocrx_word' id='word_1_251' title='bbox 391 3552 463 3620; x_wconf 90' lang='lat' dir='ltr'><strong>lncti</strong></span> <span class='ocrx_word' id='word_1_252' title='bbox 488 3554 562 3621; x_wconf 90' lang='lat' dir='ltr'><strong>estis</strong></span> <span class='ocrx_word' id='word_1_253' title='bbox 592 3573 694 3645; x_wconf 85' lang='lat' dir='ltr'><strong>prope</strong></span> <span class='ocrx_word' id='word_1_254' title='bbox 718 3554 749 3619; x_wconf 89' lang='lat' dir='ltr'><strong>in</strong></span> <span class='ocrx_word' id='word_1_255' title='bbox 774 3572 848 3620; x_wconf 84' lang='lat' dir='ltr'><strong>sun·</strong></span> <span class='ocrx_word' id='word_1_256' title='bbox 896 3563 991 3620; x_wconf 86' lang='lat' dir='ltr'><strong>nocta</strong></span> <span class='ocrx_word' id='word_1_257' title='bbox 1014 3550 1127 3646; x_wconf 83' lang='lat' dir='ltr'><strong>media,</strong></span> <span class='ocrx_word' id='word_1_258' title='bbox 1144 3552 1298 3646; x_wconf 77' lang='lat' dir='ltr'><strong>AEgyptlis</strong></span> <span class='ocrx_word' id='word_1_259' title='bbox 1313 3556 1401 3625; x_wconf 85' lang='lat' dir='ltr'><strong>Deus</strong></span> <span class='ocrx_word' id='word_1_260' title='bbox 1417 3556 1486 3645; x_wconf 86' lang='lat' dir='ltr'><strong>pla·</strong></span> 
     </span>
     <span class='ocr_line' id='line_1_32' title="bbox 262 3642 1484 3737; baseline 0.006 -31"><span class='ocrx_word' id='word_1_261' title='bbox 262 3642 359 3731; x_wconf 83' lang='lat' dir='ltr'><strong>guina</strong></span> <span class='ocrx_word' id='word_1_262' title='bbox 389 3646 514 3713; x_wconf 92' lang='lat' dir='ltr'><strong>Christi:</strong></span> <span class='ocrx_word' id='word_1_263' title='bbox 540 3644 562 3687; x_wconf 79' lang='lat'>*</span> <span class='ocrx_word' id='word_1_264' title='bbox 596 3648 669 3737; x_wconf 88' lang='lat' dir='ltr'><strong>lpse</strong></span> <span class='ocrx_word' id='word_1_265' title='bbox 693 3648 778 3714; x_wconf 89' lang='lat' dir='ltr'><strong>enim</strong></span> <span class='ocrx_word' id='word_1_266' title='bbox 800 3656 849 3713; x_wconf 85' lang='lat' dir='ltr'><strong>est</strong></span> <span class='ocrx_word' id='word_1_267' title='bbox 896 3668 970 3735; x_wconf 77' lang='lat' dir='ltr'><strong>gam</strong></span> <span class='ocrx_word' id='word_1_268' title='bbox 994 3643 1150 3713; x_wconf 89' lang='lat' dir='ltr'><strong>decimam</strong></span> <span class='ocrx_word' id='word_1_269' title='bbox 1169 3647 1364 3728; x_wconf 84' lang='lat' dir='ltr'><strong>minabatur,</strong></span> <span class='ocrx_word' id='word_1_270' title='bbox 1382 3658 1484 3714; x_wconf 86' lang='lat' dir='ltr'><strong>uteo·</strong></span> 
     </span>
     <span class='ocr_line' id='line_1_33' title="bbox 258 3738 1509 3831; baseline 0.007 -30"><span class='ocrx_word' id='word_1_271' title='bbox 258 3756 324 3829; x_wconf 83' lang='lat' dir='ltr'><strong>pax</strong></span> <span class='ocrx_word' id='word_1_272' title='bbox 355 3751 481 3820; x_wconf 83' lang='lat' dir='ltr'><strong>nostra,</strong></span> <span class='ocrx_word' id='word_1_273' title='bbox 513 3738 569 3829; x_wconf 91' lang='lat' dir='ltr'><strong>qui</strong></span> <span class='ocrx_word' id='word_1_274' title='bbox 603 3740 679 3806; x_wconf 89' lang='lat' dir='ltr'><strong>lecit</strong></span> <span class='ocrx_word' id='word_1_275' title='bbox 713 3742 849 3830; x_wconf 82' lang='lat' dir='ltr'><strong>utraque</strong></span> <span class='ocrx_word' id='word_1_276' title='bbox 896 3761 969 3806; x_wconf 88' lang='lat' dir='ltr'><strong>rum</strong></span> <span class='ocrx_word' id='word_1_277' title='bbox 987 3739 1193 3829; x_wconf 85' lang='lat' dir='ltr'><strong>primogenita</strong></span> <span class='ocrx_word' id='word_1_278' title='bbox 1208 3740 1397 3831; x_wconf 87' lang='lat' dir='ltr'><strong>deperirent,</strong></span> <span class='ocrx_word' id='word_1_279' title='bbox 1409 3740 1509 3828; x_wconf 70' lang='lat' dir='ltr'><strong>quia⁴</strong></span> 
     </span>
     <span class='ocr_line' id='line_1_34' title="bbox 258 3830 1536 3924; baseline 0.001 -28"><span class='ocrx_word' id='word_1_280' title='bbox 258 3850 373 3896; x_wconf 86' lang='lat' dir='ltr'><strong>unum.</strong></span> <span class='ocrx_word' id='word_1_281' title='bbox 894 3832 1139 3924; x_wconf 77' lang='lat' dir='ltr'><strong>primogenitum</strong></span> <span class='ocrx_word' id='word_1_282' title='bbox 1151 3834 1220 3922; x_wconf 83' lang='lat' dir='ltr'><strong>ejus</strong></span> <span class='ocrx_word' id='word_1_283' title='bbox 1237 3830 1486 3923; x_wconf 89' lang='lat' dir='ltr'><strong>populumdeti-</strong></span> <span class='ocrx_word' id='word_1_284' title='bbox 1533 3875 1536 3884; x_wconf 92' lang='lat'>.</span> 
     </span>
    </p>

    <p class='ocr_par' dir='ltr' id='par_1_6' title="bbox 255 3922 1487 4391">
     <span class='ocr_line' id='line_1_35' title="bbox 306 3922 1485 4016; baseline 0.008 -31"><span class='ocrx_word' id='word_1_285' title='bbox 306 3924 336 3988; x_wconf 77' lang='lat' dir='ltr'><strong>rt.</strong></span> <span class='ocrx_word' id='word_1_286' title='bbox 362 3922 559 4013; x_wconf 87' lang='lat' dir='ltr'><strong>Complacuit</strong></span> <span class='ocrx_word' id='word_1_287' title='bbox 574 3945 631 4016; x_wconf 84' lang='lat' dir='ltr'><strong>per</strong></span> <span class='ocrx_word' id='word_1_288' title='bbox 648 3946 721 3993; x_wconf 88' lang='lat' dir='ltr'><strong>eum</strong></span> <span class='ocrx_word' id='word_1_289' title='bbox 738 3944 850 3994; x_wconf 85' lang='lat' dir='ltr'><strong>recon—</strong></span> <span class='ocrx_word' id='word_1_290' title='bbox 898 3924 1025 3993; x_wconf 86' lang='lat' dir='ltr'><strong>nebant.</strong></span> <span class='ocrx_word' id='word_1_291' title='bbox 1034 3923 1097 3993; x_wconf 89' lang='lat' dir='ltr'><strong>Sed</strong></span> <span class='ocrx_word' id='word_1_292' title='bbox 1104 3936 1253 3993; x_wconf 84' lang='lat' dir='ltr'><strong>neamata</strong></span> <span class='ocrx_word' id='word_1_293' title='bbox 1268 3924 1485 4015; x_wconf 84' lang='lat' dir='ltr'><strong>plehsludae·</strong></span> 
     </span>
     <span class='ocr_line' id='line_1_36' title="bbox 255 4008 1481 4111; baseline -0.001 -25"><span class='ocrx_word' id='word_1_294' title='bbox 255 4008 368 4086; x_wconf 81' lang='lat' dir='ltr'><strong>¹ciliane</strong></span> <span class='ocrx_word' id='word_1_295' title='bbox 397 4018 503 4084; x_wconf 89' lang='lat' dir='ltr'><strong>omnia</strong></span> <span class='ocrx_word' id='word_1_296' title='bbox 533 4019 564 4084; x_wconf 91' lang='lat' dir='ltr'><strong>in</strong></span> <span class='ocrx_word' id='word_1_297' title='bbox 596 4018 711 4109; x_wconf 93' lang='lat' dir='ltr'><strong>ipsum,</strong></span> <span class='ocrx_word' id='word_1_298' title='bbox 735 4016 845 4111; x_wconf 86' lang='lat' dir='ltr'><strong>pacih-</strong></span> <span class='ocrx_word' id='word_1_299' title='bbox 893 4037 988 4111; x_wconf 88' lang='lat' dir='ltr'><strong>orum</strong></span> <span class='ocrx_word' id='word_1_300' title='bbox 1032 4038 1097 4085; x_wconf 85' lang='lat' dir='ltr'><strong>una</strong></span> <span class='ocrx_word' id='word_1_301' title='bbox 1134 4038 1210 4085; x_wconf 91' lang='lat' dir='ltr'><strong>cum</strong></span> <span class='ocrx_word' id='word_1_302' title='bbox 1251 4017 1313 4084; x_wconf 91' lang='lat' dir='ltr'><strong>illis</strong></span> <span class='ocrx_word' id='word_1_303' title='bbox 1353 4018 1481 4109; x_wconf 73' lang='lat' dir='ltr'><strong>per-icli-</strong></span> 
     </span>
     <span class='ocr_line' id='line_1_37' title="bbox 258 4109 1487 4205; baseline 0.002 -28"><span class='ocrx_word' id='word_1_304' title='bbox 258 4128 336 4179; x_wconf 88' lang='lat' dir='ltr'><strong>cans</strong></span> <span class='ocrx_word' id='word_1_305' title='bbox 358 4130 417 4201; x_wconf 88' lang='lat' dir='ltr'><strong>per</strong></span> <span class='ocrx_word' id='word_1_306' title='bbox 427 4111 613 4205; x_wconf 81' lang='lat' dir='ltr'><strong>sanguinem</strong></span> <span class='ocrx_word' id='word_1_307' title='bbox 637 4113 742 4181; x_wconf 86' lang='lat' dir='ltr'><strong>crucis</strong></span> <span class='ocrx_word' id='word_1_308' title='bbox 765 4112 846 4205; x_wconf 83' lang='lat' dir='ltr'><strong>ejus,</strong></span> <span class='ocrx_word' id='word_1_309' title='bbox 896 4121 1026 4190; x_wconf 68' lang='lat' dir='ltr'><strong>tanetum</strong></span> <span class='ocrx_word' id='word_1_310' title='bbox 1051 4111 1127 4199; x_wconf 88' lang='lat' dir='ltr'><strong>quia</strong></span> <span class='ocrx_word' id='word_1_311' title='bbox 1150 4130 1236 4177; x_wconf 87' lang='lat' dir='ltr'><strong>unus</strong></span> <span class='ocrx_word' id='word_1_312' title='bbox 1265 4109 1358 4180; x_wconf 83' lang='lat' dir='ltr'><strong>locus</strong></span> <span class='ocrx_word' id='word_1_313' title='bbox 1385 4110 1487 4182; x_wconf 81' lang='lat' dir='ltr'><strong>eonti-</strong></span> 
     </span>
     <span class='ocr_line' id='line_1_38' title="bbox 256 4202 1486 4299; baseline 0 -28"><span class='ocrx_word' id='word_1_314' title='bbox 256 4203 326 4274; x_wconf 88' lang='lat' dir='ltr'><strong>sive</strong></span> <span class='ocrx_word' id='word_1_315' title='bbox 347 4222 434 4295; x_wconf 88' lang='lat' dir='ltr'><strong>quae</strong></span> <span class='ocrx_word' id='word_1_316' title='bbox 450 4202 482 4271; x_wconf 90' lang='lat' dir='ltr'><strong>in</strong></span> <span class='ocrx_word' id='word_1_317' title='bbox 497 4203 600 4288; x_wconf 84' lang='lat' dir='ltr'><strong>terris,</strong></span> <span class='ocrx_word' id='word_1_318' title='bbox 615 4205 682 4277; x_wconf 82' lang='lat' dir='ltr'><strong>sive</strong></span> <span class='ocrx_word' id='word_1_319' title='bbox 703 4228 789 4299; x_wconf 86' lang='lat' dir='ltr'><strong>quau</strong></span> <span class='ocrx_word' id='word_1_320' title='bbox 812 4206 845 4275; x_wconf 88' lang='lat' dir='ltr'><strong>in</strong></span> <span class='ocrx_word' id='word_1_321' title='bbox 891 4203 988 4273; x_wconf 89' lang='lat' dir='ltr'><strong>nebat</strong></span> <span class='ocrx_word' id='word_1_322' title='bbox 1011 4203 1188 4283; x_wconf 79' lang='lat' dir='ltr'><strong>universos,</strong></span> <span class='ocrx_word' id='word_1_323' title='bbox 1221 4203 1398 4275; x_wconf 85' lang='lat' dir='ltr'><strong>remedium</strong></span> <span class='ocrx_word' id='word_1_324' title='bbox 1436 4206 1486 4273; x_wconf 89' lang='lat' dir='ltr'><strong>di·</strong></span> 
     </span>
     <span class='ocr_line' id='line_1_39' title="bbox 258 4295 1487 4391; baseline -0.002 -24"><span class='ocrx_word' id='word_1_325' title='bbox 258 4296 357 4367; x_wconf 86' lang='lat' dir='ltr'><strong>coelis</strong></span> <span class='ocrx_word' id='word_1_326' title='bbox 382 4307 465 4368; x_wconf 87' lang='lat' dir='ltr'><strong>sunt.</strong></span> <span class='ocrx_word' id='word_1_327' title='bbox 490 4296 571 4391; x_wconf 84' lang='lat' dir='ltr'><strong>lpse.</strong></span> <span class='ocrx_word' id='word_1_328' title='bbox 897 4296 1062 4366; x_wconf 79' lang='lat' dir='ltr'><strong>sanationis</strong></span> <span class='ocrx_word' id='word_1_329' title='bbox 1085 4295 1247 4367; x_wconf 83' lang='lat' dir='ltr'><strong>inventum</strong></span> <span class='ocrx_word' id='word_1_330' title='bbox 1263 4307 1324 4367; x_wconf 87' lang='lat' dir='ltr'><strong>est.</strong></span> <span class='ocrx_word' id='word_1_331' title='bbox 1349 4297 1487 4371; x_wconf 85' lang='lat' dir='ltr'><strong>Proinde</strong></span> 
     </span>
    </p>
   </div>
   <div class='ocr_carea' id='block_1_3' title="bbox 0 0 1799 5034">
    <p class='ocr_par' dir='ltr' id='par_1_7' title="bbox 0 0 1799 5034">
     <span class='ocr_line' id='line_1_40' title="bbox 0 0 1799 5034; baseline 0 0"><span class='ocrx_word' id='word_1_332' title='bbox 0 0 1799 5034; x_wconf 95' lang='lat' dir='ltr'><strong> </strong></span> 
     </span>
    </p>
   </div>
  </div>
 </body>
</html>
