3584 5034
745 614 871 683 ansru
895 615 999 684 ‚tutu
1416 620 1481 707 tae

259 734 365 793 boum
393 734 458 807 est,
482 725 538 816 qui
567 726 626 794 erit
655 725 687 793 in
717 735 756 795 te.
786 727 844 793 Dio
893 726 943 792 nia
967 725 1003 792 fit
1024 727 1059 793 iu
1084 734 1115 793 te
1138 723 1271 795 verbum
1295 728 1352 798 Dei
1391 749 1478 812 caro,

258 818 445 907 mihiergo,
469 820 585 886 Nuntie
596 818 663 900 Dei,
678 819 842 908 quomodo
888 818 1073 908 accipiendo
1097 839 1235 897 carnem,
1254 842 1318 887 nou
1335 824 1478 890 amitten·

259 909 313 978 fiet
336 911 450 979 istud?
466 912 538 981 vide
564 912 719 1000 Angelum
742 914 843 979 scien·
892 910 934 977 do
949 913 1154 979 Divinitatem.
1170 913 1207 977 Et
1218 912 1356 980 Verbum
1370 916 1480 1003 jungi·
1507 937 1526 953 ²

258 1015 331 1084 tem,
356 1006 442 1071 illam
459 1016 672 1093 quaerentem,
701 1025 763 1070 non
786 1004 845 1071 dil·
894 1016 945 1072 tor
968 1007 1065 1084 carni,
1090 1017 1122 1072 et
1145 1005 1285 1072 Verbum
1312 1009 1481 1097 copulatur

255 1094 416 1164 fidentem.
451 1098 533 1166 Audi
570 1096 752 1187 quomodo:
783 1100 842 1164 erit
889 1100 987 1177 carni,
1004 1109 1035 1165 et
1052 1098 1147 1187 hujus
1163 1100 1238 1165 tanti
1257 1101 1396 1189 conjugii
1412 1100 1479 1169 tha-

257 1192 419 1277 virginitas
444 1203 526 1271 tua,
543 1203 577 1257 tu
602 1202 722 1257 tantum
748 1190 845 1257 crede
891 1191 995 1257 lamus
1019 1203 1128 1258 uterus
1152 1201 1239 1269 tuus,
1255 1205 1286 1258 et
1301 1193 1407 1282 hujus,
1431 1196 1479 1261 in·

256 1286 430 1365 veritatem,
445 1306 536 1351 serva
552 1285 770 1371 virginitatem,
787 1304 840 1349 ac·
887 1306 996 1372 quam,
1021 1287 1098 1350 tanti
1122 1285 1271 1373 conjugii,
1295 1285 1378 1353 idest
1403 1286 1478 1354 ller-

257 1377 328 1466 cipe
354 1378 569 1461 integritatem.
593 1378 749 1456 Quoniam
768 1378 844 1443 inte·
891 1375 945 1457 bi,
970 1387 1001 1443 et
1035 1378 1139 1445 carnis
1174 1378 1330 1446 thalamus
1366 1390 1478 1447 uterus

134 1492 135 1553 3
257 1490 314 1555 gra
338 1480 385 1535 est
409 1468 487 1535 fides
500 1483 563 1548 tua,
582 1472 695 1536 intacta
711 1470 769 1534 erit
799 1469 844 1533 in·
892 1480 978 1548 tuus,
1003 1469 1089 1537 unde
1112 1474 1182 1560 ipse
1206 1472 1350 1561 Sponsus
1364 1494 1478 1562 proce·

134 1562 135 1639 l
257 1564 384 1647 tegritas
409 1574 471 1639 tua.
497 1565 640 1651 Denique
664 1561 749 1641 audi,
763 1582 844 1651 quo·
891 1561 937 1628 dit
960 1562 1001 1628 de
1035 1563 1172 1631 thalamo
1206 1584 1275 1631 suo,
1300 1567 1424 1632 Invenit
1447 1576 1479 1632 te

256 1654 353 1720 modo
371 1654 424 1722 liet
443 1654 534 1722 istud:
552 1655 685 1746 Spiritus
710 1654 844 1721 Sanctus
890 1656 1042 1743 virginem
1067 1669 1251 1746 conceptus,
1269 1656 1394 1724 dimittit
1417 1658 1481 1723 vir-

257 1750 458 1837 superveniet
483 1750 511 1813 in
539 1759 578 1827 ta,
606 1758 637 1814 et
660 1749 760 1813 virtus
788 1746 842 1812 tt·
890 1748 993 1835 giuem
1020 1760 1121 1815 natus.
1144 1753 1204 1815 Dat
1222 1750 1478 1831 foecunditatem,

257 1842 368 1906 tissimi
394 1840 596 1907 obumbrabit
621 1840 686 1918 tibi,
713 1842 788 1928 quia
808 1839 844 1905 li-
892 1861 955 1906 non
980 1840 1060 1906 tollit
1085 1842 1301 1929 integritatem.
1327 1842 1418 1912 Unde
1442 1845 1480 1909 ti·

258 1932 299 2000 de
324 1935 475 2023 concipis,
507 1935 582 2024 quia
621 1931 780 2000 credendo
813 1933 845 1997 in
893 1931 927 1998 bi
953 1931 1045 1999 boo?
1072 1936 1219 2000 Proterve
1243 1936 1397 2023 virginem
1432 1936 1480 2002 vl-

257 2037 359 2106 utero‚
385 2050 448 2095 nou
475 2025 685 2093 concubando
703 2024 842 2093 babebis:
891 2025 952 2091 deo
977 2026 1178 2114 interrogare,
1203 2037 1235 2092 et
1246 2029 1337 2117 quasi
1363 2027 1480 2118 impor-

254 2130 423 2208 propterea
448 2120 534 2208 quod
561 2115 707 2187 nasce-tur
747 2118 787 2186 de
812 2130 842 2185 te
891 2128 967 2185 tune
991 2140 1084 2186 aures
1109 2120 1310 2187 verecundas
1333 2122 1392 2187 ista
1410 2141 1481 2187 mea

256 2213 425 2293 Sanctum,
452 2211 618 2278 vocabitur
641 2212 740 2301 Filius
768 2214 834 2278 bei.
884 2217 964 2279 voco
988 2214 1127 2302 pulsare,
1139 2210 1195 2279 sed
1213 2212 1306 2281 video
1324 2214 1478 2301 virginem

257 2302 341 2383 Ouid
350 2326 395 2385 es,
412 2326 496 2395 quae
509 2315 617 2393 postea
629 2306 768 2392 paritura
781 2304 832 2371 cs‘.l
881 2304 1159 2386 verecundantem,
1177 2316 1324 2373 ettamen
1340 2326 1475 2397 respon-

256 2396 343 2463 unde
368 2396 837 2487 meruisti‘lUndebooacoepi-
886 2396 1039 2478 dentem,
1080 2420 1197 2489 meque
1242 2397 1476 2467 admonentem:

256 2490 331 2567 sti?
357 2490 448 2560 Unde
478 2489 533 2557 fiet
562 2493 595 2557 in
627 2501 657 2557 te
688 2491 743 2579 qui
769 2490 842 2557 lecit
887 2494 1014 2581 quaeris
1039 2514 1058 2557 a
1083 2514 1150 2571 me,
1177 2490 1262 2557 uude
1288 2492 1362 2558 mihi
1389 2492 1478 2559 boc?
1596 2517 1602 2533 ·

254 2582 313 2651 te?
338 2583 438 2664 Unde,
465 2584 605 2675 inquam,
623 2582 680 2649 tibi
698 2584 758 2651 boc
776 2595 844 2649 tan·
891 2583 1090 2651 verecundor
1113 2584 1170 2649 tibi
1193 2583 1385 2671 respondere
1419 2583 1477 2649 bo·

194 2720 196 2725 -
254 2684 322 2743 turn
348 2676 495 2743 bonum?
523 2678 614 2765 Virgo
638 2698 690 2757 es,
732 2689 842 2743 sancta
888 2698 964 2742 uum
989 2698 1106 2744 meum.
1131 2676 1243 2763 Angeli
1267 2673 1343 2741 audi
1377 2676 1476 2766 ipsius

253 2789 298 2849 cs,
325 2781 434 2835 votum
461 2771 584 2849 vovisti,
609 2768 665 2836 sed
694 2770 841 2863 multum,
890 2769 1120 2848 salutationem,
1145 2778 1177 2835 et
1200 2769 1231 2833 iu
1256 2789 1307 2836 me
1341 2788 1478 2857 agnosce

253 2861 342 2951 quod
368 2862 519 2941 meruisti,
546 2864 642 2927 immo
658 2883 736 2929 vero
754 2862 837 2927 mul-
884 2871 972 2928 tuam
997 2861 1142 2929 salutem·
1167 2859 1268 2928 Crede
1292 2861 1345 2927 oui
1373 2858 1477 2927 credi-

252 2964 319 3021 tum
344 2953 433 3045 quod
458 2956 618 3045 accepisti.
890 2952 932 3020 di.
958 2954 1050 3022 Unde
1066 2954 1138 3021 mibi
1157 2953 1216 3020 boo
1232 2953 1387 3043 quaeris?
1412 2957 1477 3019 Au·

298 3052 330 3121 d.
354 3047 421 3114 Sub
438 3056 529 3114 tuum
546 3045 737 3136 praesidium
762 3065 839 3113 con·
888 3048 979 3136 gelus
1004 3048 1200 3139 respoudeat.
1227 3048 1285 3112 Dio
1312 3047 1386 3115 mihi
1412 3051 1478 3113 An-

253 3140 654 3229 lugimus,clenrentissirna
668 3141 770 3226 Virgo,
787 3161 842 3206 su·
890 3142 971 3229 gele,
988 3141 1073 3207 unde
1091 3142 1203 3209 Mariae
1228 3138 1319 3207 boc?
1337 3140 1404 3229 jam
1429 3138 1478 3206 di·

250 3234 420 3325 soipenos
446 3234 538 3299 unica
561 3255 633 3323 spes
658 3244 785 3312 nostra,
809 3243 841 3299 et
887 3236 919 3299 xi
937 3255 1010 3301 curn
1023 3234 1167 3301 salutavi.
1183 3240 1251 3301 Ave
1260 3236 1363 3321 gratia
1374 3232 1476 3324 plena.

252 3328 367 3395 nostris
378 3320 536 3395 delectare
551 3323 701 3393 laudibus
719 3324 738 3367 ³*
755 3328 834 3406 Qui·
929 3323 961 3409 132
986 3329 1078 3393 Porta
1102 3328 1206 3407 coeli,
1232 3337 1263 3391 et
1288 3326 1379 3410 stella
1410 3347 1476 3392 rna-

253 3418 315 3487 bus
347 3420 463 3509 indigui
499 3419 584 3487 omni
610 3430 640 3487 te
670 3417 764 3486 laude
790 3418 839 3485 di·
885 3418 929 3485 ris
952 3441 987 3486 es
1012 3420 1106 3508 Virgo
1130 3422 1235 3499 blavia,
1261 3418 1352 3507 Regis
1376 3428 1477 3485 aeter-

253 3515 435 3603 gnissimam
459 3510 687 3581 collaudamus.
888 3513 922 3577 ni
946 3512 1052 3593 Mater,
1074 3516 1181 3603 gratos
1205 3533 1264 3578 nos
1287 3510 1387 3580 redde
1426 3511 1477 3577 Fi·

301 3616 330 3679 vl.
353 3603 494 3685 dusera
530 3605 621 3673 nobis
657 3606 839 3696 iniquitates
888 3604 931 3671 lio
954 3616 1011 3671 tuo
1035 3603 1056 3646 *
1081 3608 1163 3687 Quia
1187 3606 1290 3673 omnis
1306 3607 1418 3683 virtus,
1445 3612 1477 3670 et

134 3692 135 3723 ³
253 3710 399 3787 nostras,
427 3708 462 3765 ut
480 3694 570 3787 'digni
606 3720 758 3767 canamus
783 3697 840 3764 tibi
888 3695 996 3778 decor,
1021 3708 1052 3766 et
1065 3700 1164 3789 gloria
1179 3723 1218 3768 ex
1235 3710 1264 3766 te
1289 3693 1477 3788 resplendet.

253 3793 374 3883 gloriae
397 3792 505 3859 melos.
530 3790 655 3872 Quibus
679 3800 738 3858 eto.
936 3791 968 3860 tl.
994 3793 1039 3857 Tu
1064 3797 1175 3861 veniae
1198 3812 1289 3870 vena,
1307 3801 1340 3855 tu
1358 3789 1476 3877 gratiae

462 3888 655 3953 Lect.v1u.'
888 3882 1006 3964 Mater,
1031 3897 1063 3952 tu
1095 3909 1169 3977 spes
1199 3882 1331 3962 mundi,
1361 3879 1477 3948 exaudi

255 3936 364 4045 stam
387 3973 473 4044 unde
488 3976 549 4043 boc
567 3972 736 4043 meruisti?
760 3972 794 4048 fit
810 3976 841 4044 in
890 3996 948 4042 nos
971 3976 1142 4047 clamantes
1165 3976 1204 4045 ad
1229 3987 1269 4043 te.
1293 3976 1376 4054 Quia
1406 3994 1475 4040 om-

253 4080 285 4141 to
309 4074 364 4163 qui
401 4070 475 4137 lecit
507 4080 547 4137 te:
585 4066 619 4134 fit
653 4069 682 4143 in
717 4078 748 4135 to
782 4092 839 4159 per
888 4070 936 4136 nis
960 4080 1018 4162 etc.
1045 4072 1151 4139 Gloria
1175 4070 1265 4153 Patri,
1289 4068 1371 4150 Quia
1393 4076 1464 4135 ctos

254 4188 352 4255 quem
376 4165 458 4231 facta
482 4185 526 4230 es:
551 4162 647 4227 immo
680 4183 757 4243 vero
783 4185 840 4252 per
1088 4168 1192 4233 ‘Leet
1224 4183 1267 4228 rx.
1441 4173 1445 4180 ⁴

254 4278 352 4348 quem
392 4258 510 4323 lactum
544 4266 592 4324 est
626 4254 772 4348 coelum,
808 4268 839 4322 et
991 4260 1036 4326 De
1059 4260 1090 4324 S.
1116 4256 1303 4325 Pantaleone
1333 4253 1371 4320 ll.

253 4358 346 4433 terra,
370 4371 548 4443 perquem
573 4347 654 4417 lacta
678 4357 754 4415 sunt
773 4368 840 4415 om·
1292 4349 1312 4414 ⁹
