3584 5034
305 653 368 719 rm
727 630 855 721 susm
880 651 1107 722 nucuunms

427 762 471 831 IN
495 762 520 830 Ι.
536 762 760 834 uoovdttrto
936 772 1042 831 catum
1067 766 1101 830 in
1125 760 1211 830 bunc
1236 755 1407 832 mundum
1430 759 1530 831 ¹intra-

311 882 313 885 '
346 854 470 946 Antiplr.
494 855 686 928 Admirabile
710 859 891 925 est'nomen
937 856 983 924 vit
1006 857 1037 922 in
1061 877 1128 946 qno
1153 876 1263 924 omnes
1307 866 1529 946 peccaverunt.

300 959 403 1031 tuum,
432 949 575 1032 Domine,
590 953 625 1032 in
643 952 792 1018 universa
809 959 893 1016 terra
940 947 963 990 *
988 950 1034 1015 Ne
1060 952 1173 1017 timeas¹
1186 951 1283 1016 Maria
1298 949 1442 1017 invenisti
1459 971 1530 1038 gra-

300 1045 377 1131 quia
399 1043 431 1110 in
463 1044 590 1132 Virgine
620 1045 716 1111 Maria
758 1042 890 1130 dignum
940 1042 1013 1108 tiam
1038 1042 1124 1132 apud
1149 1045 1260 1110 Deum.
1497 1111 1498 1118 χ

298 1134 354 1202 tibi
378 1133 594 1204 babitaculum
618 1138 821 1228 praeparasti.
984 1141 1014 1208 tl·
1039 1130 1162 1226 Eripuil
1182 1134 1354 1203 Dominus
1394 1135 1537 1202 unimam*

322 1229 449 1297 Psalmi
469 1241 503 1298 ut
527 1229 562 1298 io
585 1230 690 1300 Fastis
713 1234 752 1299 B.
775 1232 821 1300 M.
856 1229 890 1298 V.
940 1237 1027 1295 tuam
1052 1227 1092 1295 de
1116 1239 1226 1311 morte,
1250 1238 1407 1298 etcontra
1427 1228 1530 1294 inimi·

293 1343 355 1410 per
368 1343 495 1390 annom.
936 1339 1011 1387 cnm
1036 1321 1137 1389 lactus
1161 1332 1209 1390 est
1247 1332 1409 1413 protector
1446 1331 1530 1389 tuus.

343 1415 469 1504 Antipl.
493 1415 530 1484 In
553 1416 622 1484 sole
655 1415 763 1508 posuit
804 1416 892 1483 Deus
939 1413 987 1482 Ne
1012 1413 1130 1482 timeas.

299 1505 541 1577 tabernaculum
565 1531 671 1577 suum.
803 1513 805 1516 ⁴
1163 1505 1267 1577 Lectio
1290 1529 1323 1574 ιι.

344 1600 468 1689 Aotrplr.
500 1603 536 1668 ln
575 1602 789 1692 conceptione
829 1620 890 1692 sua
939 1553 1060 1666 Vidit
1098 1600 1193 1690 igitur
1232 1601 1346 1669 mulier
1369 1599 1457 1690 quod
1475 1597 1535 1666 bo-

299 1695 424 1782 accepit
462 1695 558 1761 Maria
593 1693 890 1763 benedictionema
938 1715 1016 1758 num
1028 1703 1112 1760 esset
1129 1693 1250 1783 lignum
1268 1693 1308 1760 ad
1325 1693 1532 1773 vescendum,

297 1785 436 1853 Domino
459 1797 492 1856 et
514 1787 760 1856 misericordiam
779 1808 804 1871 a
829 1787 894 1853 Deo
940 1795 972 1853 et
995 1785 1163 1876 pulchrum
1199 1787 1311 1866 oculis,
1336 1797 1535 1876 aspectuque

299 1878 428 1946 salutari
452 1901 522 1948 suo.
773 1908 783 1966 ᾗ
941 1878 1138 1960 delectabile
1152 1890 1182 1946 et
1190 1878 1306 1946 tulitde
1318 1878 1423 1945 fructu
1432 1879 1529 1959 illiue,

341 1978 373 2049 γ).
398 1972 483 2041 Deus
499 1973 698 2065 omnipotens
714 1972 890 2066 praecinxit
936 1980 968 2039 et
991 1971 1136 2038 comedit:
1171 1971 1324 2060 deditque
1361 1973 1431 2036 viro
1455 1989 1529 2047 suo,

297 2085 351 2133 me
375 2067 500 2135 virtute.
815 2150 817 2157 Ι
935 2065 990 2153 qui
1015 2064 1160 2146 comedit.
1173 2066 1212 2130 Et
1229 2065 1329 2154 aperti
1354 2074 1427 2130 sunt
1450 2083 1531 2130 ocu·

344 2167 381 2243 a.
418 2161 458 2226 Et
495 2161 604 2251 posuit
652 2158 888 2228 immaculatam
937 2157 958 2224 li
983 2156 1160 2224 amborum:
1184 2178 1325 2247 cumque
1360 2160 1532 2246 cognovis-

297 2249 382 2318 viam
405 2273 519 2319 meam.
938 2261 1008 2318 sent
1030 2272 1065 2317 se
1089 2271 1159 2318 esse
1194 2249 1309 2330 nudos3
1334 2259 1532 2318 consuerunt

386 2387 389 2392 -
436 2345 484 2412 De
507 2344 601 2412 Libro
617 2344 748 2412 Genesis
935 2343 1010 2411 solia
1033 2342 1125 2424 ficus,
1153 2344 1339 2412 etiecerunt
1361 2343 1529 2432 sibitperi·

440 2436 546 2506 Lectio
570 2459 591 2504 1.
687 2441 763 2528 Cup.
787 2439 819 2504 3.
935 2447 1067 2506 zomata.
1094 2438 1132 2502 Et
1144 2457 1217 2504 cum
1229 2435 1392 2504 audissent
1415 2455 1528 2502 vocem

298 2479 461 2620 Serpens
484 2540 552 2598 erat
581 2529 724 2599 callidior
764 2528 888 2600 cunctis
936 2529 1060 2612 Domini
1088 2530 1143 2596 Dei
1159 2527 1393 2596 deambulantis
1416 2531 1448 2594 iu
1472 2550 1529 2618 pa-

295 2621 507 2691 auimantibus
534 2634 645 2704 terrae,
669 2647 754 2714 quae
770 2625 889 2692 fecerat
935 2621 1041 2688 vadiso
1066 2621 1107 2688 ad
1133 2642 1241 2688 auram
1252 2634 1330 2713 post
1354 2619 1528 2698 meridiem.

295 2714 453 2783 Dominus
492 2717 588 2786 Deus.
627 2718 689 2798 Qui
730 2718 808 2784 dixit
841 2713 887 2802 'ad
937 2713 1104 2780 abscondit
1127 2736 1162 2781 se
1180 2715 1330 2782 adamat
1353 2735 1435 2782 uxor
1458 2716 1527 2803 ejus

296 2808 472 2877 mulierem:
498 2832 558 2878 cur
597 2813 758 2902 praecepit
796 2803 888 2877 vobis
935 2806 1058 2876 alacie
1082 2807 1205 2874 Domini
1224 2809 1281 2876 Dei
1304 2809 1336 2876 in
1360 2807 1465 2876 medio
1490 2807 1529 2874 li·

295 2900 383 2968 Deus
407 2913 444 2970 ut
466 2923 529 2970 non
541 2903 751 2972 comederetis
762 2901 804 2970 de
815 2922 885 2969 om·
932 2902 988 2992 gni
1012 2899 1161 2992 paradisi.

294 2994 330 3061 ni
362 2994 449 3082 ligno
484 2995 638 3087 paradisii
655 2996 712 3066 Cui
753 3015 885 3086 respon·
979 3001 1011 3073 d.
1037 2994 1177 3062 Transite
1202 2993 1242 3060 ad
1267 3016 1319 3062 me
1343 2993 1530 3084 omnesqui

295 3086 342 3154 dit
364 3087 486 3179 mulier:
510 3087 551 3156 de
578 3089 686 3155 fructu
713 3090 884 3177 lignorum,
933 3088 1160 3176 concupiscitis
1183 3109 1246 3168 me3
1272 3087 1292 3132 '¹‘
1317 3089 1355 3155 Et
1390 3087 1528 3156 narrabo

295 3202 381 3270 quae
403 3190 479 3248 sunt
496 3183 527 3248 in
543 3181 701 3273 paradiso,
718 3182 887 3249 vescimur:
934 3179 1026 3248 vobis
1051 3191 1171 3270 quanta
1194 3181 1270 3248 fecit
1294 3181 1388 3264 Deus,
1402 3181 1527 3249 animae

295 3271 337 3340 de
360 3274 468 3342 fructu
491 3295 568 3344 vero
591 3275 677 3364 ligni,
713 3272 801 3365 quod
841 3281 890 3340 est
939 3292 1039 3340 meae.
1166 3345 1170 3355 ,

293 3365 326 3432 in
351 3365 456 3435 medio
478 3366 634 3458 paradisis
650 3368 812 3459 praecepit
828 3384 887 3432 no·
980 3363 1011 3434 i.
1051 3365 1134 3433 Vivit
1172 3365 1326 3432 Dominus
1372 3365 1528 3454 quoniam

292 3457 344 3526 his
368 3459 454 3527 Deus
484 3482 526 3549 ne
563 3461 815 3540 comederemus,
854 3468 886 3526 et
931 3457 1119 3545 adimplevit
1142 3457 1172 3525 in
1204 3480 1254 3526 me
1278 3453 1529 3528 misericordiam

292 3572 335 3620 ne
357 3561 558 3641 tangeremus
598 3552 687 3635 illud,
727 3575 767 3622 ne
806 3552 887 3622 sorta
934 3572 1036 3620 suam.
1060 3551 1100 3617 Et
1124 3549 1259 3618 narrabo
1284 3550 1385 3619 vobis.

228 3649 234 3660 ’
292 3645 478 3713 moriamur.
502 3646 587 3712 Dixit
606 3657 713 3714 autem
751 3666 883 3736 serpens
1147 3641 1256 3712 Lectio
1286 3664 1333 3710 ιιι.

291 3737 333 3807 ad
357 3738 531 3808 mulierem:
555 3739 766 3829 Nequaquam
784 3748 885 3804 morto
932 3691 1162 3826 vocavitque
1173 3735 1529 3807 DominusDausbdam

290 3832 477 3900 moriemini.
504 3833 570 3900 Scit
587 3835 672 3900 enim
689 3833 774 3900 Deus
791 3828 880 3920 quod
930 3840 962 3900 et
985 3829 1063 3898 dixit
1085 3832 1123 3898 ei:
1143 3829 1202 3900 Ubi
1230 3829 1290 3898 es?
1317 3831 1379 3911 Qut
1395 3833 1449 3898 ait:
1467 3831 1530 3900 Vo-

291 3926 328 3992 iu
350 3929 558 4016 quocumque
596 3923 648 3994 dia
682 3923 883 3993 comederitis
917 3943 1002 4013 cem
1026 3935 1112 3991 tuam
1136 3923 1244 3990 audivi
1261 3923 1293 3990 in
1319 3923 1478 3992 Paradiso:
1496 3933 1528 3992 et
1556 3979 1560 3986 .

292 4039 333 4085 ox
354 4038 404 4100 eo,
435 4020 615 4110 aperientur
654 4017 740 4086 oculi
778 4018 885 4086 vestri:
933 4016 1035 4098 timui,
1059 4037 1099 4084 eo
1123 4015 1212 4105 quod
1237 4016 1344 4085 nudus
1367 4039 1482 4097 essem,
1498 4025 1557 4085 et.

294 4119 327 4178 et
348 4112 435 4179 eritis
450 4113 533 4181 sicut
548 4111 597 4178 Dii
611 4111 747 4181 scientes
762 4108 897 4178 bonum·
931 4107 1085 4206 abscondi
1127 4132 1187 4178 me.
1227 4110 1285 4177 Cui
1324 4110 1415 4179 dixit:
1455 4110 1531 4198 quis

294 4210 328 4270 et
353 4203 483 4273 malum.
583 4197 595 4212 '
933 4203 1017 4269 enim
1043 4200 1192 4271 indicavit
1215 4201 1272 4270 tibi
1302 4203 1392 4294 quod
1423 4202 1532 4272 nudus

338 4305 372 4382 a
395 4296 454 4364 Per
478 4318 580 4367 unum
604 4296 764 4370 bominem
800 4315 876 4392 poc·
924 4311 1022 4380 esses,
1039 4295 1098 4364 nisi
1114 4294 1205 4388 quod
1220 4317 1260 4368 ex
1283 4297 1385 4388 tigno,
1401 4296 1442 4368 da
1460 4315 1529 4388 quo

813 4404 822 4436 Ι
