3584 5034
719 608 845 679 FESTA
870 606 1012 676 Maean
1433 610 1477 676 59

326 718 486 810 abstergit
508 711 670 805 maeulas,
695 732 727 792 et
757 744 845 795 rose
893 722 975 791 vitae
998 719 1090 787 maiis
1111 720 1321 811 ugus-virtute
1349 718 1477 789 &tendi

371 836 426 881 um
452 813 563 894 decus,
892 816 923 881 in
948 815 1046 883 terris:
1062 814 1219 881 maruno
1243 824 1398 904 porpetaro
1414 814 1479 883 lae·

323 906 397 987 Quo
421 904 477 974 fiat
492 908 602 975 similis
617 911 762 999 protinus
779 913 844 979 an·
889 920 995 977 temur
1018 909 1050 974 in
1074 906 1186 975 Caelis.
1211 906 1274 987 Qui
1298 918 1414 975 teoum
1432 908 1480 975 vi·

370 1000 459 1089 getis,
894 1003 949 1070 vit.
975 1004 1061 1071 Com
1087 1003 1158 1069 Fer.
1314 1037 1321 1055 ι

323 1091 363 1157 Et
389 1092 462 1182 Regi
486 1093 619 1184 placeat,
644 1096 739 1187 eapit;
785 1136 788 1143 ·
916 1096 988 1163 -Ad
1015 1096 1126 1162 Mutuo.
1146 1093 1284 1162 aanor.
1318 1092 1478 1161 Christum

252 1188 393 1253 Araeto
428 1186 579 1255 instabilis
614 1190 736 1259 tramite
758 1199 845 1282 post·
892 1189 950 1256 Dei
974 1188 1100 1266 Filium,
1124 1188 1179 1278 qui
1197 1207 1258 1255 suo
1274 1206 1334 1253 nos
1349 1186 1484 1255 redemit

372 1278 504 1347 modum
665 1314 669 1321 ·
763 1324 766 1331 ,
891 1283 1056 1372 sanguine:
1072 1277 1095 1323 *⁶
1112 1280 1221 1349 Venite
1244 1279 1427 1367 adoremus.

323 1372 365 1438 Se
389 1373 496 1441 nuilus
520 1372 669 1456 retrahat3
686 1387 769 1445 meta
785 1375 843 1445 sed
1111 1378 1275 1464 Hpomus.⁴

289 1539 292 1552 Ι
371 1466 482 1533 ultima
546 1550 547 1555 ἵ
893 1422 963 1537 lna
981 1470 1069 1557 justa
1093 1466 1281 1548 Conditoris

323 1558 492 1648 tangatur,
505 1558 624 1628 tribuet
636 1560 743 1633 nobile
753 1582 845 1654 prae·
959 1562 1069 1631 imbro
1092 1581 1250 1652 aquarum
1274 1557 1412 1641 vindice,

273 1656 277 1667 '
371 1653 482 1732 mium,
962 1656 1173 1723 criminosum
1198 1656 1308 1741 mersit
1334 1653 1459 1753 orbem,

324 1746 385 1825 Qui
410 1766 542 1813 cursum
566 1746 654 1815 Deus
676 1745 813 1836 adjuvat.
960 1749 1029 1816 Noe
1054 1749 1084 1815 in
1108 1767 1183 1815 area
1206 1748 1334 1839 sospite:

255 1836 355 1906 Nobis
377 1840 533 1929 propitius
558 1842 602 1908 sis
632 1842 763 1911 Genitor
786 1862 845 1935 po·
962 1842 1039 1909 Mira
1062 1840 1189 1909 modom
1214 1841 1263 1908 vis
1285 1842 1404 1909 amoris

367 1942 449 2012 tens,
961 1935 1051 2002 Lavit
1073 1933 1183 2003 orbem
1215 1934 1378 2022 sauguine.

294 2046 296 2051 ·
320 2024 362 2093 Ut
385 2046 468 2114 quos
494 2026 655 2117 Unigenae
681 2028 842 2119 Sanguine
887 2030 965 2097 Tam
990 2027 1113 2096 salubri
1135 2028 1231 2095 Terra
1254 2027 1328 2096 ssiix

370 2118 440 2185 Filii
768 2162 771 2167 -
962 2123 1094 2211 irrigata
1118 2121 1238 2213 pluria,

321 2210 450 2290 Emisti‚
486 2222 518 2281 ot
540 2210 666 2303 placido
702 2214 842 2293 litamine
960 2221 1043 2284 ante
1066 2216 1174 2307 spinis,
1200 2234 1285 2305 quao
1306 2213 1458 2295 scatebat,

371 2324 508 2385 recreas,
562 2334 564 2341 ’
962 2306 1340 2377 Garminavit·ssosouios:

323 2394 409 2464 Coeli
435 2396 476 2464 ad
500 2397 641 2467 culmina
665 2400 845 2471 transferas.
962 2402 1067 2492 Inque
1087 2403 1227 2469 nettaris
1250 2421 1398 2491 saporem

369 2495 479 2559 Amen.
886 2522 890 2527 ·
961 2495 1124 2564 Transiere
1147 2492 1322 2587 absynthia.
1369 2510 1373 2519 ·

300 2581 329 2647 i.
355 2582 524 2653 Redemisti
559 2606 618 2654 nos
642 2586 776 2657 Domino
810 2588 842 2655 in
889 2588 990 2678 Triste
1012 2589 1157 2678 protinus
1180 2608 1342 2655 venenum

253 2676 413 2765 Sanguine
439 2680 502 2745 tuo.
883 2756 886 2763 Ι
962 2681 1058 2747 Dirus
1080 2680 1193 2772 anguis
1216 2681 1333 2769 posuit,

298 2770 331 2845 [ἰ.
355 2770 394 2837 Et
418 2770 517 2838 iecisti
541 2790 600 2840 nos
641 2772 711 2844 Deo
734 2782 844 2843 nostro
891 2812 893 2821 ι
961 2775 1157 2841 Simoenta
1180 2770 1361 2841 bonuarum

254 2883 399 2951 regnum.
902 2894 908 2914 -.
940 2865 1207 2933 ·Desiit‘Ieroeia:
1246 2910 1273 2919 --

300 2956 351 3023 Ad
373 2952 565 3045 Magnifieot.
581 2955 707 3047 antiph.
732 2962 850 3026 a'nees·
965 2960 1047 3026 uiris
1072 2959 1152 3048 agni
1175 2958 1332 3026 vulnerati
1456 2999 1460 3007 ,

254 3046 338 3115 sistis
361 3046 402 3115 ad
427 3049 504 3116 Sion
528 3061 678 3131 montom,
703 3060 736 3121 et
768 3051 846 3119 nivi·
918 3133 923 3141 .
963 3052 1050 3121 Haeo
1074 3052 1135 3120 fuit
1156 3053 1298 3121 victoria.
1364 3086 1368 3093 2

254 3150 350 3211 tatem
362 3142 419 3211 Dei
430 3141 568 3211 ¹viventis
584 3144 758 3213 Jerusalem
770 3164 845 3213 coe·
893 3146 1094 3214 Oscientiao
1117 3166 1276 3237 supernae
1301 3228 1304 3235 Ι

253 3234 375 3316 lostam,
410 3246 442 3305 et
473 3239 646 3305 testamenti
678 3240 752 3305 novi
783 3260 849 3307 me·
966 3238 1108 3307 Aititudo
1132 3240 1304 3329 impervia!

253 3326 408 3397 diatorem
450 3331 582 3412 lesum,
623 3342 655 3399 et
685 3331 846 3421 sanguinis
964 3334 1157 3400 Osuavitas
1181 3332 1308 3421 benigni

254 3424 470 3512 aspersionem
505 3425 619 3493 matius
649 3424 843 3516 loquentem,
929 3424 1178 3493 ·Praedieanda
1200 3426 1360 3517 pectoris!

255 3534 353 3604 quam
376 3515 467 3584 abet.
964 3518 1083 3586 Servus
1097 3529 1174 3587 erat
1197 3531 1298 3589 morte
1322 3520 1449 3612 dignus,

490 3610 609 3680 Oratio.
762 3620 764 3627 ’
963 3612 1029 3679 Rex
1053 3611 1114 3679 luit
1136 3632 1271 3704 poenam
1295 3618 1445 3705 optimus.

256 3655 493 3790 omnipotens
528 3705 718 3795 sempiterno
747 3706 844 3786 Deus,
893 3704 1032 3788 Quando
1055 3706 1159 3797 culpis
1182 3728 1396 3798 provocamus

256 3791 312 3884 qui
353 3793 554 3882 Unigenitum
603 3797 715 3865 Filium
756 3809 846 3866 tumn
964 3797 1125 3868 Uitiooem
1150 3800 1282 3881 iudicis,
1321 3866 1327 3877 ,

198 3910 201 3915 ·
255 3884 367 3953 mundi
392 3887 632 3980 Redemptorem
648 3891 845 3973 eonstituisti,
963 3893 1052 3959 Tune
1074 3892 1235 3984 loquentis
1255 3903 1461 3983 protegamur
1524 3892 1531 3907 '

257 3999 295 4046 ao
319 3981 388 4069 ejus
412 3980 572 4071 Sanguine
596 3983 712 4074 placari
741 3983 845 4051 volui·
963 3986 1132 4075 Sanguinis
1156 3988 1341 4076 praeseutia:

257 4072 307 4154 sti,
331 4072 474 4141 concedo
497 4096 711 4164 quaesumus,
736 4078 846 4146 salutis
963 4080 1182 4168 ingruentium
1205 4078 1362 4147 maiorum
1407 4142 1412 4147 .

256 4178 383 4235 nostrae
421 4168 557 4259 pretium
591 4168 724 4238 solemni
752 4172 840 4239 cultu
960 4173 1049 4240 Tunc
1075 4169 1225 4239 recedant
1247 4174 1381 4262 agmina.

258 4260 299 4325 ita
324 4262 486 4345 venerari,
511 4272 608 4356 atquo
630 4284 649 4333 a
672 4266 845 4357 praesentis
893 4266 936 4335 Te
960 4264 1146 4357 redemptus
1169 4264 1279 4335 laudet
1301 4264 1389 4336 orbis
