3584 5034
694 631 820 708 nesta
844 632 1022 709 hUGUSTl
1403 644 1463 711 l32l

246 758 414 844 parasset,
453 748 512 817 lori
546 756 653 818 tamen·
690 749 834 841 pericula
879 750 948 841 rapi
972 768 1079 817 coram
1104 740 1257 819 universo
1266 752 1389 859 populo
1404 776 1469 825 non

247 850 405 935 expertus,
431 842 585 932 ejusmodi
609 843 691 910 vitae
714 842 835 911 institu-
883 841 981 911 semel
1007 843 1095 910 visus
1117 854 1176 912 est.
1192 844 1376 914 Dominrcae
1393 849 1472 918 Pas·

247 947 314 1004 tum
340 936 422 1002 ultro
446 936 571 1023 dimisit.
596 936 707 1026 Spreto
739 936 836 1024 igitur
883 936 997 1015 sionis,
1035 947 1067 1005 et
1105 958 1215 1004 sacrae
1254 936 1471 1013 Eucharistiae

246 1029 410 1121 praeclaro
434 1029 583 1118 conjugio
616 1027 679 1095 sibi
702 1048 721 1095 a
744 1040 833 1118 patre
880 1028 1112 1119 contemplator
1126 1028 1285 1110 assiduus,
1310 1031 1380 1119 ejus
1402 1037 1470 1102 cul.

238 1122 420 1213 proposito,
462 1123 545 1188 avita
584 1122 833 1211 primogenitura
880 1130 947 1187 tum
965 1120 1098 1189 mirifice
1115 1118 1308 1213 propagavit.
1324 1122 1471 1197 Dnmve.

247 1212 403 1294 abdicata,
426 1224 458 1281 et
495 1213 535 1281 ad
576 1237 662 1282 aram
703 1214 835 1301 Virginis
880 1234 918 1280 ro
941 1213 981 1281 ad
1005 1215 1075 1303 ejus
1097 1224 1184 1282 arain
1208 1225 1322 1295 oraret,
1347 1218 1396 1284 vel
1413 1220 1470 1288 Sa·

238 1307 287 1375 'de
312 1306 465 1387 llercede,
477 1328 553 1379 ense
568 1326 734 1398 suspenso,
753 1306 833 1372 divi·
879 1327 969 1373 crum
995 1307 1132 1388 laceret,
1172 1306 1260 1397 quod
1301 1329 1469 1399 nunqnam

246 1403 297 1467 nis
336 1400 512 1468 ministeriis
562 1422 597 1468 se
636 1398 834 1488 mancipavit.
881 1402 995 1480 omisit,
1018 1421 1094 1489 prae
1116 1394 1233 1468 amoris
1265 1399 1469 1491 vehementia,

247 1492 402 1561 Sacerdos
427 1492 528 1561 lactus
552 1503 638 1559 tanto
661 1492 729 1559 zelo
747 1493 836 1558 irruit
881 1492 932 1559 vel
955 1491 1129 1582 seraphicis
1152 1492 1348 1583 liquescebat
1376 1497 1472 1567 ardo-

184 1640 186 1643 ,
247 1586 278 1652 in
305 1587 448 1666 vitiant
487 1585 669 1676 Apostolico
705 1604 835 1653 munere
883 1584 989 1665 ribus,¹
1008 1586 1057 1653 vel
1097 1587 1230 1653 insolitis
1270 1586 1472 1677 quatiebatur

246 1678 392 1767 fungens,
417 1678 480 1744 huc
504 1680 578 1745 illu'o
595 1678 774 1770 pervolans,
785 1679 833 1743 in·
880 1678 1029 1758 motibus,
1048 1679 1097 1746 vel
1115 1677 1355 1747 abstrahebatur
1369 1705 1474 1753 asen-

246 1781 355 1861 gentes
370 1772 565 1865 perditorum
579 1772 740 1838 hominum
758 1789 834 1837 con-
882 1769 981 1838 sibus.
1005 1771 1127 1838 lliram'
1140 1774 1223 1840 vitae
1246 1773 1469 1863 innocentiam,

245 1867 409 1932 versiones
441 1874 613 1953 perageret.
656 1866 833 1953 Pauperum
881 1886 978 1953 quam
1003 1864 1090 1929 nulla
1113 1886 1256 1953 unquam
1280 1865 1385 1933 lethali
1401 1869 1474 1941 labe
1576 1884 1579 1888 ’

246 1960 441 2047 praesertim,
466 1969 498 2023 et
528 1957 737 2024 ruricolarum
778 1956 837 2021 mi·
862 1955 1032 2037 ‘foedavit
1061 1956 1129 2046 pari
1170 1975 1243 2023 cum
1282 1962 1474 2047 poenitentia
1508 1994 1515 2011 =

246 2061 370 2117 seratns
394 2050 674 2135 congregationem
701 2048 835 2141 Presby·
883 2051 1018 2129 socians,
1034 2070 1152 2139 corpus
1166 2071 1262 2117 snum
1280 2052 1396 2133 inedia,
1410 2056 1473 2124 ler-

246 2150 387 2209 terorum
413 2143 545 2207 instituit
581 2134 679 2208 SSrdi.
704 2141 836 2209 Redem·
884 2143 947 2209 reis
969 2142 1097 2221 catenis,
1121 2142 1240 2222 ciliciis,
1277 2156 1474 2239 cruentaque

245 2235 356 2325 ptoris,
380 2236 439 2324 qui
462 2236 568 2324 ipsum
595 2230 834 2325 [led-emptorem
883 2232 1281 2323 flagellationecastigahat.
1295 2239 1381 2308 luter
1396 2238 1475 2312 haec

247 2330 360 2409 secuti,
384 2349 442 2419 per
466 2348 570 2415 agros,
595 2348 703 2419 pagos,
726 2336 758 2393 et
780 2346 834 2393 ca·
903 2328 1073 2418 rophetiae,
1089 2330 1294 2397 scrutationis
1309 2332 1469 2420 cordium,

246 2420 337 2489 stella
360 2419 555 2512 pauperihus
577 2419 833 2511 evangelizarent
880 2349 1088 2501 hitomttonis,
1115 2431 1146 2487 et
1171 2422 1397 2493 miraculorum
1415 2426 1475 2497 dc·

201 2560 204 2565 -
296 2514 452 2595 nlnveni
477 2524 554 2581 etc..
608 2556 614 2568 ·
883 2512 934 2581 nis
957 2512 1111 2579 inclaurit
1476 2535 1481 2548 ¹

416 2647 422 2663 ,
470 2610 552 2675 Lect.
577 2625 606 2671 r.
933 2610 964 2687 n.
988 2606 1086 2672 Posui
1107 2602 1299 2691 adjutorium
1322 2617 1383 2677 etc.

249 2651 326 2765 Ne
347 2706 453 2767 autern
478 2720 496 2765 a
519 2697 681 2789 proposito
695 2716 839 2787 unquam
1111 2699 1192 2764 Lect.
1225 2717 1266 2764 vr.
1554 2756 1558 2763 .

250 2788 430 2871 diverteret,
454 2802 609 2881 perpetuo
632 2810 667 2856 se
690 2802 765 2857 voto
781 2790 839 2857 ob·
895 2739 970 2857 Ab
1010 2788 1228 2859 ecclesiasticis
1267 2789 1474 2879 dignitatibus

248 2883 371 2951 strinxit
395 2884 513 2951 nullam
549 2881 698 2971 temporis
732 2883 835 2971 jactu·
883 2882 943 2951 eibi
968 2883 1082 2952 oblatis
1093 2884 1343 2953 constantissime
1357 2886 1478 2957 abhor-

248 2998 317 3044 ram
352 2976 494 3057 faciendi.
534 2975 614 3041 Hinc
654 2976 832 3041 animarum
881 2979 956 3044 ruit.
984 2984 1022 3042 tt
1046 2976 1213 3044 Clementis
1239 2976 1355 3045 decimi
1394 2986 1476 3051 tertii

248 3068 317 3137 zelo
342 3082 517 3137 succensus
541 3079 607 3135 tum
631 3065 732 3133 divini
748 3066 834 3134 verbi
884 3068 1477 3141 PontificisauctoritatecoactusS.A·

248 3162 494 3253 praedicatione,
518 3172 585 3228 tum
609 3160 733 3249 scriptis
748 3180 838 3227 sacra
885 3164 997 3251 gathae
1021 3161 1196 3229 Gothorum
1223 3164 1391 3239 Ecclesiam
1416 3190 1477 3255 gu-

248 3255 436 3338 eruditione,
455 3266 487 3323 ct
503 3255 616 3347 pietate
633 3253 754 3321 retortis
770 3254 836 3320 ani·
885 3253 1078 3322 hernandam
1108 3257 1257 3346 suscepit.
1300 3256 1478 3350 Episcopus

248 3369 318 3415 mas
357 3350 479 3435 Christo
518 3346 713 3430 lucrifacere,
737 3356 768 3414 et
794 3345 835 3413 ad
884 3359 1048 3415 externum
1067 3348 1230 3415 dumtaxat
1246 3347 1398 3433 habitum,
1414 3375 1477 3421 non

153 3506 156 3511 ,
251 3440 469 3531 perfectiorem
486 3441 580 3507 vitam
592 3438 752 3507 adducere
769 3450 836 3506 stu·
882 3450 988 3508 autem
1012 3462 1153 3508 severam
1180 3441 1303 3509 vivendi
1322 3446 1476 3515 rationem

248 3532 332 3599 ‘duit
372 3535 482 3602 llirum
529 3554 605 3601 sano
639 3542 721 3622 quot
757 3532 840 3600 odia
888 3534 1073 3601 immutavit.
1126 3533 1244 3603 Eadem
1279 3534 1475 3623 -lrugalitas,

232 3630 235 3638 ‘
253 3626 426 3709 extinxerit,
443 3637 522 3717 quot
537 3626 647 3701 devios
663 3618 703 3690 ad
722 3636 842 3693 rectum
890 3626 1480 3719 summuschristianaedisciplinaeee·

252 3718 363 3787 salutis
387 3721 446 3786 iter
469 3718 673 3787 revocaverit.
699 3718 755 3787 llci
779 3717 840 3785 Ge·
886 3718 949 3802 lus,
974 3722 1153 3811 impensum
1179 3722 1208 3787 in
1227 3722 1310 3788 vitiis
1326 3740 1478 3789 coercen-

253 3811 374 3879 nitriois
396 3811 500 3878 cultor
522 3811 675 3888 eximius,
700 3808 740 3875 de
758 3810 842 3877 illius
889 3812 949 3893 dis,
973 3814 1183 3904 arcendisqne
1207 3812 1379 3892 erroribus,
1398 3824 1429 3881 et
1446 3815 1479 3882 in

253 3902 404 3973 laudibus
418 3904 530 3971 librum
543 3902 653 3979 edidit,
671 3919 709 3994 ac
725 3900 766 3969 de
792 3904 838 3985 iis,
888 3906 1021 3996 reliquis
1051 3905 1262 4005 pastoralibus
1290 3904 1477 3975 muneribus

255 3990 334 4065 dum
360 3997 531 4067 ferventius
546 3992 765 4073 concionando
780 3995 844 4063 dis·
891 3996 1048 4067 obeundis
1071 3998 1222 4067 studium.
1262 3996 1411 4066 liberalis
1443 4002 1478 4070 in

255 4092 340 4171 serit,
364 4114 381 4157 a
407 4090 541 4178 Virginis
557 4088 703 4175 imagine,
720 4089 751 4153 in
768 4110 841 4155 enm
888 4113 1057 4182 pauperes,
1082 4112 1192 4162 omnes
1216 4092 1374 4159 Ecclesiae
1403 4115 1479 4183 pro·

256 4184 397 4255 immisso
419 4185 500 4253 miro
540 4178 718 4275 splendore,
759 4189 844 4249 totus
891 4197 1005 4252 vontus
1046 4185 1156 4253 iisdem
1197 4182 1413 4267 distribuebat,
1439 4203 1482 4255 ac*

257 4276 338 4349 facie
366 4296 569 4361 accrescere,
595 4273 681 4345 etin
711 4277 840 4343 extasim
890 4289 1021 4367 urgente
1044 4300 1189 4349 annonae
1212 4280 1351 4360 caritate,
1377 4281 1475 4371 ipsam
