3584 5034
737 651 864 722 FESTA
887 641 1030 720 ultam
1450 657 1500 720 ea

273 762 357 852 'quia
381 761 465 830 sicut
499 771 605 832 narrat
647 762 857 854 Evangetista,
912 787 928 810 ·,
1097 764 1217 832 Psalna
1249 763 1302 830 95.

272 877 346 922 cum
368 877 455 922 unus
479 858 614 928 militum
638 857 748 926 lancea
775 857 858 926 latus
953 858 1083 926 Canmte
1107 857 1242 926 Domino
1265 858 1499 926 taunucumno-

272 949 342 1036 ejus
365 949 567 1039 perforasset,
588 951 698 1019 'exivit
723 953 863 1042 sanguis
910 974 998 1019 vum:
1021 947 1043 992 ³*
1066 959 1190 1018 cautme
1227 951 1365 1019 Domino
1394 951 1499 1019 omnis

271 1052 304 1109 et
328 1061 423 1131 aqua.
524 1052 546 1068 ’“
910 1055 1003 1113 terra.

317 1142 350 1220 a.
377 1135 435 1202 Per
459 1133 617 1205 hominem
643 1157 739 1220 mors,
755 1148 787 1204 et
802 1160 860 1228 per
903 1195 908 1204 .
956 1134 1085 1226 antiph.
1109 1136 1167 1203 llis
1190 1133 1335 1228 plagatus
1368 1159 1440 1204 sum
1466 1140 1501 1205 in

263 1225 430 1294 'homiuem
458 1234 648 1298 resurrectio
664 1241 864 1298 mortuorum
911 1230 1008 1299 domo
1031 1250 1155 1309 eorum,
1179 1232 1237 1319 qui
1254 1251 1308 1298 me
1319 1229 1501 1322 diligebant.

269 1318 292 1362 ³*
318 1321 357 1386 Et
380 1324 464 1389 sicut
486 1324 773 1391 inadamomnes
789 1347 864 1415 pec·
1108 1323 1228 1392 Psalm.
1253 1326 1308 1390 96.
1352 1355 1359 1376 2

270 1424 434 1494 caverunt,
460 1416 500 1482 ita
524 1419 558 1482 in
582 1416 708 1484 Christo
749 1437 859 1485 omnes
955 1417 1113 1484 Dominus
1122 1416 1500 1505 regnaviamnltetterra:

269 1503 528 1586 vivificabuntur.
678 1529 702 1550 '-
958 1509 1145 1600 antipam
1161 1509 1370 1577 amaritudine
1393 1530 1506 1591 mimo,

315 1599 549 1671 i.⁵Novissime
568 1613 691 1671 ‘autem
736 1602 862 1670 inimica
910 1625 1001 1671 meus
1024 1615 1083 1683 est,
1101 1613 1134 1671 et
1148 1603 1387 1693 manusplagae
1409 1623 1500 1672 meae

268 1688 454 1763 destruetur
473 1709 574 1764 mors.
600 1697 638 1763 Et
654 1697 745 1763 sicut.
909 1705 1078 1785 aggravata
1101 1707 1165 1764 est
1203 1717 1302 1788 super
1343 1699 1500 1787 gemitum

268 1815 272 1828 ¹
317 1787 373 1857 En>
396 1787 500 1856 codem
525 1793 564 1858 D.
581 1791 743 1858 Bernordo
760 1789 863 1858 Serm.
910 1811 1029 1858 meum.
1080 1824 1106 1838 ··
1218 1832 1221 1837 <
1441 1817 1447 1828 ·
1482 1803 1487 1813 ’

268 1877 308 1946 de
333 1883 426 1951 Pasa.
453 1885 550 1951 Dum:
639 1887 641 1896 ’
1104 1882 1226 1951 Psolm.
1248 1883 1305 1974 97.
1430 1927 1433 1934 -

353 1995 357 2000 ’
488 1977 570 2046 lect.
598 1973 651 2043 aa
954 1975 1088 2042 Cautate
1108 1975 1252 2042 Domino
1267 1975 1500 2057 cautioumuo-

270 2022 447 2158 Respice·
462 2069 600 2137 llomiue
620 2071 737 2138 Sancte
767 2068 859 2136 Pater
907 2090 996 2148 vum;
1020 2067 1042 2110 *
1067 2070 1144 2158 quia
1160 2067 1324 2136 *mirabilia
1347 2068 1430 2137 lecit.

269 2159 311 2229 de
335 2161 520 2228 Sanctuario
545 2174 610 2242 tuo,
627 2173 658 2230 et
674 2161 716 2228 de
732 2161 859 2230 excelso
904 2187 909 2196 ·
953 2167 984 2229 i.
1007 2161 1080 2251 lpse
1104 2161 1291 2229 vulneratus
1307 2172 1356 2232 est
1370 2170 1504 2254 propter

266 2252 438 2321 coelorum
465 2253 656 2323 habitaculo:
680 2265 712 2322 et
738 2253 861 2322 intuere
909 2253 1090 2344 iniquitates
1108 2265 1243 2322 nostrae·
1277 2287 1287 2319 .-

270 2347 352 2413 hanc
365 2357 579 2416 sacrosantam
596 2348 747 2428 Hostiam,
765 2357 863 2436 quani
957 2361 989 2428 ιζ.
1014 2348 1146 2436 Attritus
1169 2358 1218 2416 est
1241 2359 1371 2440 propter
1400 2347 1501 2416 seele-

264 2439 727 2530 tibiollertmaguusPoutilex
742 2451 858 2522 noster,
907 2461 942 2506 ra
967 2450 1095 2513 nostras,
1323 2455 1327 2461 ’

262 2533 405 2601 Sanctus
416 2555 496 2626 puer
508 2546 583 2602 tuus
597 2535 750 2602 Domimm
763 2537 855 2601 lesus
950 2533 1061 2600 Lectio
1074 2535 1182 2600 Sancti
1199 2533 1364 2623 Evangelii
1382 2553 1500 2601 secum

265 2627 489 2717 propeccatis
517 2629 806 2707 lmtiumsuorum,
830 2640 863 2695 et
904 2625 986 2694 'dum
1012 2628 1178 2704 loannem.

268 2731 340 2786 esto
361 2717 525 2810 placabilis
540 2715 639 2812 super
656 2721 859 2788 multitudine
911 2765 938 2870 Ι
990 2719 1073 2785 lect.
1096 2736 1164 2785 viu.
1261 2719 1337 2806 Cup.
1365 2718 1419 2785 to.

943 2835 965 2879 n

269 2812 410 2880 malitiae
433 2825 568 2882 nostrae.
585 2817 750 2901 Cognosce
771 2815 860 2881 Pater
990 2809 1045 2877 illo
1067 2820 1218 2903 tempore.
1244 2811 1354 2878 Sciens
1394 2812 1500 2892 lesus,

271 2905 410 2972 tunicam
428 2905 484 2972 lilii
502 2907 547 2972 tui
564 2905 691 2996 losepb3
708 2895 772 2971 lieu
790 2906 856 2972 lem
904 2907 981 2996 quia
1021 2904 1126 2970 omnia
1165 2914 1389 2990 consummata
1412 2916 1501 2984 sunt,

262 2999 411 3088 'pessima‘
432 2998 705 3078 devoravit-enm,
734 3008 765 3065 et
781 3017 858 3064 con·
905 3008 942 3065 ut
963 3008 1241 3065 consummaretur
1256 2998 1425 3090 scriptura,
1449 2996 1499 3064 di·

267 3087 405 3158 culeavit
429 3094 461 3159 in
487 3093 595 3159 lurore
612 3111 673 3158 suo
689 3091 858 3158 vestimen·
904 3091 960 3157 xit:
983 3090 1069 3158 Sitio.
1095 3091 1133 3156 Et
1155 3091 1291 3180 reliqua.

269 3193 336 3249 tum
362 3186 439 3274 ejus:
466 3187 553 3254 lloee·
587 3186 734 3274 quinque
775 3187 854 3257 seis-
901 3209 911 3214 ··
949 3184 1087 3252 Humilia
1098 3184 1204 3251 sancti
1223 3181 1497 3275 cyrillillpiscopl

269 3297 362 3345 suras
385 3279 602 3346 lamentabiles
618 3279 705 3346 ineo
722 3278 859 3368 reliquit.
906 3276 1122 3347 Alexandrini.
1273 3294 1276 3301 ’

315 3381 346 3454 n).
386 3373 539 3441 Videmus
580 3373 690 3439 lesum
728 3384 857 3462 paupter
982 3371 1053 3438 Lib.
1082 3371 1139 3435 ld.¹
1161 3370 1248 3438 Com.
1272 3368 1310 3434 in
1339 3370 1428 3437 qurt.

267 3465 448 3552 passionem
474 3467 583 3534 mortis
609 3465 719 3554 gloria,
744 3471 775 3532 et
800 3465 857 3530 ho·
906 3413 1013 3528 Cum
1052 3460 1093 3528 ab
1125 3459 1350 3530 immanibus·
1369 3461 1501 3531 ludaeis

228 3608 236 3609 ff
267 3575 346 3624 nore
362 3571 558 3627 coronatum:
584 3559 605 3602 *
623 3560 664 3628 tlt
678 3577 738 3649 pro
753 3559 853 3624 omni·
901 3556 1007 3624 omnts
1030 3556 1062 3622 in
1087 3554 1247 3622 Christum
1272 3554 1399 3646 expleta
1415 3565 1502 3624 esset

267 3646 332 3719 hus
354 3661 498 3735 gustaret
521 3666 666 3719 mortem.
898 3650 1053 3739 impietas,
1080 3647 1343 3738 necquidquam
1363 3650 1434 3737 jam·
1458 3646 1500 3712 ad

311 3748 341 3812 i.
366 3743 504 3812 Docebat
527 3759 613 3829 eum,
644 3744 706 3834 qui
737 3743 855 3810 multos
899 3753 1058 3810 ‘summam
1099 3741 1324 3810 crudelitatem
1338 3741 1504 3828 reliquum

262 3831 347 3901 filios
371 3837 404 3902 in
429 3837 562 3925 gloriam¹
584 3837 770 3916 adduxerat,
796 3858 854 3902 au·
901 3846 994 3914 esset,
1018 3835 1059 3902 ad
1083 3847 1259 3904 extremum
1283 3853 1359 3902 eam
1382 3831 1505 3899 Christi

263 3937 385 3995 ctorem
410 3929 522 3998 salutis
538 3951 649 3998 eornm
666 3930 850 4018 perpassio·
897 3931 1093 3996 sanctissima
1132 3929 1295 4020 proprium
1325 3922 1498 4013 quiddam,

263 4041 339 4088 nem
356 4025 579 4090 consummari:
608 4023 648 4091 llt
675 4042 734 4112 pro
750 4023 851 4090 omni·
897 4043 936 4088 ac
961 4021 1104 4088 naturale
1128 4018 1389 4107 rursuspatitur.
1416 4018 1498 4088 uut-

264 4111 341 4189 bus.
362 4115 476 4184 Gloria
496 4118 588 4181 Patri.
615 4116 656 4182 Ut
678 4135 746 4205 pro.
901 4117 943 4182 tis
965 4117 1060 4196 enim,
1078 4130 1117 4180 ae
1132 4113 1229 4178 variis
1251 4109 1418 4179 doloribus
1439 4134 1498 4181 ex·

262 4247 265 4252 ·
383 4209 739 4278 lll*lll.NOCTUllNO.
893 4210 1036 4287 siccata,
1047 4207 1096 4274 siti
1112 4213 1292 4292 torquetur.
1313 4203 1434 4272 Graves
1450 4208 1495 4272 si-

311 4302 435 4392 Aialpli.
453 4299 630 4385 Quidsunt
645 4303 760 4394 plagae
775 4302 851 4371 istae
900 4300 1030 4390 quidem
1056 4297 1183 4364 dolores
1208 4318 1353 4386 magnam
1377 4297 1417 4364 ad
1449 4298 1501 4362 si·

267 4393 301 4458 in
330 4396 434 4468 medio
459 4419 614 4468 manuum
638 4395 789 4466 tuarum?
910 4395 967 4460 tim
996 4388 1261 4459 commovendam
1290 4392 1355 4459 nim
1375 4387 1505 4467 habeut,
