3584 5034
315 634 359 701 ao
513 682 516 693 .
798 633 924 703 rusrx
950 612 1045 704 uari

360 738 496 813 Humilia
518 744 550 828 S.
572 743 721 815 Bernardi
748 736 894 815 'Abbatis
945 760 1008 817 tem
1033 768 1162 818 vereare
1178 746 1336 830 Divinam,
1355 742 1533 836 quodlicet

404 838 442 905 Iu
470 838 646 909 Natiuitote
674 842 711 909 B.
735 841 780 908 M.
811 842 844 909 V.
870 852 872 855 ’
944 842 1049 910 lactus
1072 843 1114 910 sit
1130 841 1237 923 homo,
1254 839 1404 907 manserit
1426 849 1531 906 tamen

313 880 469 1013 Intuere,
485 951 505 999 o
521 932 635 1014 Homo,
653 933 897 1016 consiliumDei,
945 936 1042 1003 Deus.
1066 934 1266 1003 Advocatum
1289 930 1407 999 habere
1433 933 1481 998 vis
1496 941 1530 999 et

313 1044 450 1114 agnosce
498 1025 666 1093 consilium
713 1027 896 1116 sapientiae,
945 1028 986 1095 ad
1011 1027 1150 1119 Ipsum?
1175 1027 1222 1094 Ad
1247 1026 1374 1092 Mariam
1392 1042 1529 1092 recurre.

312 1116 478 1185 eonsilium
504 1119 634 1210 pietatis.
660 1119 792 1187 Coelesti
821 1139 894 1186 rore
943 1121 1027 1187 Pura
1049 1120 1209 1213 siquidem
1228 1118 1448 1186 humanitasin
1464 1116 1529 1184 lta-

313 1230 418 1279 aream
453 1210 621 1299 rigaturus,
658 1222 758 1279 totum
794 1212 896 1279 vellus
943 1214 1017 1295 ria,
1041 1212 1240 1283 non‘modo
1263 1233 1344 1303 pura
1376 1209 1418 1278 ab
1442 1212 1531 1277 omni

311 1304 402 1393 prius
424 1302 545 1371 infudit.
574 1303 806 1397 Redempturus
835 1303 895 1371 hu·
942 1308 1218 1394 contaminatione,
1242 1304 1298 1373 sed
1323 1325 1405 1397 pura
1421 1304 1531 1391 singu·

312 1416 442 1463 manum
467 1418 578 1485 genus,
609 1400 745 1488 pretium
770 1397 897 1467 univer·
942 1398 1064 1469 laritate
1086 1411 1226 1469 naturae.
1249 1398 1316 1466 Nec
1340 1396 1458 1466 dubius
1481 1394 1530 1462 di-

312 1510 385 1557 sum
417 1491 550 1558 contulit
571 1492 604 1556 in
633 1490 770 1573 llariaru.¹
794 1490 896 1558 Altius
942 1494 1041 1561 xerim
1080 1492 1269 1563 exaddietur
1296 1502 1339 1560 ‘et
1379 1491 1446 1582 ipsa
1470 1510 1528 1581 pro

313 1603 390 1672 ergo
406 1582 567 1651 intuemini
585 1592 704 1673 quanto
720 1581 897 1651 devotionis
944 1590 1120 1655 reverentia
1142 1609 1211 1655 sua.
1236 1583 1390 1652 Exaudiet
1419 1584 1531 1673 utique

313 1675 428 1744 allecto
443 1697 463 1742 a
478 1676 569 1743 nobis
592 1694 662 1743 eam
678 1675 813 1743 voluerit
840 1676 897 1743 ho·
945 1678 1074 1748 llatrem
1106 1681 1225 1760 lilius,
1249 1688 1282 1746 et
1307 1673 1456 1745 exaudiet
1480 1676 1532 1741 lli·

314 1770 430 1849 norari,
455 1770 510 1858 qui
535 1769 631 1837 totius
656 1768 729 1835 boni
760 1768 897 1859 plenitus
942 1770 1023 1838 lium
1049 1775 1149 1839 Pater.

314 1860 421 1929 dinem
445 1864 550 1952 posuit
573 1862 604 1927 in
629 1862 734 1943 dfatim
767 1872 803 1929 ut
825 1882 901 1953 pro·
989 1869 1022 1942 ἡ.
1045 1866 1172 1933 Beatam
1186 1870 1247 1931 'me
1269 1861 1385 1931 dicent.

314 1953 388 2022 inde
411 1955 437 2022 si
463 1954 541 2044 quid
565 1954 631 2047 spei
657 1956 693 2020 in¹
723 1954 815 2022 nobis
839 1965 897 2036 est,
1163 1959 1245 2024 Lccl.
1273 1973 1315 2022 rx.
1491 1964 1495 1969 '

314 2050 343 2115 si
368 2047 446 2139 quid
470 2049 596 2137 gratiae,
619 2048 645 2114 si
671 2047 750 2137 quid
764 2048 896 2128 salutis,
948 2003 1072 2118 Filioli
1096 2048 1176 2118 liaeo
1206 2054 1410 2139 peecatorum
1434 2043 1531 2126 scala,

315 2140 405 2209 abeo
421 2139 896 2229 noverimusredundare,quae
943 2141 1021 2212 haec
1046 2159 1118 2211 mea
1157 2143 1295 2210 maxima·
1332 2137 1451 2207 fiducia
1474 2147 1532 2217 est,

314 2234 456 2301 ascendit
491 2234 610 2300 deliciis
644 2229 786 2299 affluens.
811 2234 895 2301 tntis
943 2234 1022 2307 haec
1045 2248 1111 2305 tota
1136 2238 1217 2328 ratio
1241 2236 1307 2329 spei
1333 2252 1432 2301 meae.
1448 2229 1533 2315 Quid

316 2346 393 2415 ergo
404 2325 551 2395 medullis
562 2322 799 2406 cordium,tutis
811 2346 902 2418 prae-
948 2330 1062 2398 enirn‘.l
1086 2321 1255 2398 Potestne
1280 2330 1378 2396 Filius
1403 2335 1458 2392 aut
1481 2346 1530 2392 re-

314 2418 498 2487 oordiorum
537 2416 723 2506 affectibuS,
764 2431 795 2487 et
819 2423 903 2489 votis
950 2424 1080 2512 pellere,
1105 2436 1162 2491 aut
1184 2424 1339 2489 sustinere
1355 2416 1535 2509 repulsam?

315 2508 901 2595 omnibusMariamhancveneremur,
949 2516 1020 2583 Non
1043 2516 1164 2597 audire3
1189 2525 1245 2580 aut
1269 2534 1332 2581 non
1356 2511 1459 2577 audiri
1485 2509 1536 2576 lli·

316 2607 392 2696 quia
416 2606 461 2674 sic
481 2616 533 2685 ¹ost
556 2604 702 2675 voluntas
725 2607 820 2697 ejus,
845 2606 902 2696 qui
949 2609 1012 2675 lius
1036 2608 1162 2698 potest?
1186 2608 1341 2673 Neutrum
1363 2603 1466 2696 plane.
1482 2602 1536 2667 ln·

317 2709 417 2768 totum
435 2721 494 2769 nos
510 2699 628 2768 habere
644 2700 742 2771 voluit
767 2722 824 2791 per
840 2702 904 2765 lla-
950 2702 1061 2768 venisti
1080 2752 1088 2781 ,
1112 2703 1162 2767 alt·
1190 2699 1363 2787 Angelus,
1404 2696 1535 2785 gratiam

316 2796 406 2862 riam.
430 2794 541 2874 llaec,
568 2794 724 2883 inquam,
755 2793 902 2862 voluutas
948 2792 1036 2886 apud
1076 2795 1189 2863 Deum:
1231 2794 1372 2862 feliciter.
1402 2792 1536 2881 Semper

318 2888 388 2977 ejus
412 2898 469 2965 est,
493 2885 550 2955 sad
572 2906 633 2977 pro
657 2885 759 2954 nobis.
893 2926 895 2930 ·
947 2884 1027 2956 haec
1062 2886 1218 2966 inveniet,
1233 2888 1388 2977 gratiam,
1411 2893 1445 2952 et
1467 2880 1536 2951 sola

367 2986 400 3063 p.
425 2979 512 3047 Felix
535 2999 675 3067 namque
697 2999 741 3047 es.
953 2990 1008 3049 est
1024 2982 1150 3070 gratia,
1177 3002 1242 3073 qua
1264 2999 1405 3066 egemus:
1445 2974 1537 3043 nimi·

528 3072 609 3137 Loci·
630 3088 697 3134 tnt-
953 3096 1025 3141 rum
1051 3074 1120 3141 sola
1141 3078 1191 3142 est
1214 3075 1322 3163 gratia,
1346 3091 1412 3162 qua
1434 3066 1538 3136 salva·

319 3116 376 3234 lu
400 3162 551 3233 omnibus
574 3158 758 3253 siquidem,
792 3172 826 3231 et
847 3181 907 3251 per
953 3187 1034 3233 mur.
1060 3165 1143 3248 Quid
1170 3188 1229 3235 nos
1252 3166 1312 3232 alia
1338 3158 1538 3249 concupisci-

318 3259 425 3327 omnia
447 3254 619 3350 providens
644 3253 778 3335 miseris,
808 3256 905 3349 trepi—
951 3252 1536 3345 musl'ratresfQuaeramusgratiam,
1565 3274 1573 3289 ·

317 3351 476 3419 dationem
501 3361 639 3419 nostram
663 3346 904 3428 solatur,fidem
949 3360 982 3417 et
1004 3372 1061 3442 per
1085 3352 1212 3420 llariam
1235 3368 1438 3440 quaeramus,
1462 3345 1539 3434 quia

317 3445 441 3524 excitat,
464 3466 554 3536 spem
579 3442 734 3523 roborat,
758 3440 905 3510 diffiden-
951 3444 1040 3534 quod
1064 3446 1191 3534 quaerit
1215 3444 1343 3521 invenit,
1359 3451 1391 3508 et
1407 3440 1539 3506 frustra-

319 3537 393 3605 tiam
418 3536 526 3627 abigit,
550 3538 643 3627 erigit
665 3535 903 3627 pusillanimita·
949 3536 975 3601 ri
985 3558 1047 3605 non
1060 3547 1172 3629 potest.
1184 3534 1539 3624 Quaeramus'gratiam,

320 3642 392 3700 tem.
414 3629 462 3698 Ad
488 3632 610 3697 Patrem
635 3627 795 3697 verebaris
811 3647 903 3697 acce·
949 3628 1006 3697 sed
1030 3632 1163 3718 gratiam
1199 3628 1286 3721 apud
1326 3630 1439 3695 Deum:
1460 3648 1539 3705 ,nam

319 3724 406 3805 dere,
418 3723 488 3793 solo
504 3718 614 3789 auditu
630 3720 815 3803 territus,ad
832 3721 907 3789 folia
952 3722 1038 3815 apud
1052 3724 1194 3791 homines
1204 3724 1303 3813 gratia
1319 3721 1424 3789 fallax.
1434 3722 1539 3802 Quae·

320 3817 475 3909 fugiebas:
499 3817 607 3883 lesum
639 3814 694 3883 tibi
717 3813 804 3883 dedit
837 3837 904 3884 mo·
950 3827 1021 3883 rant
1045 3818 1096 3884 alii
1120 3818 1267 3885 meritum
1284 3836 1297 3899 ,·
1315 3836 1376 3883 nos
1400 3813 1540 3881 invenire

321 3910 485 3981 dictorem.
508 3908 592 3991 Quid
618 3928 680 3975 non
698 3907 784 3999 apud
813 3909 909 3977 talem
955 3910 1088 3998 gratiam
1112 3910 1306 3979 studeamus.
1332 3906 1417 3992 Ouid
1440 3903 1541 3976 enim?

321 4007 445 4077 Patrem
471 4002 569 4071 Filius
592 4002 663 4071 talis
678 4000 841 4071 obtineat?
866 4002 907 4069 E·
952 4004 1024 4071 Non
1037 4005 1155 4094 gratiae
1171 4013 1220 4073 est
1236 4002 1325 4094 quod
1344 4003 1393 4071 irie
1405 3994 1540 4068 sumus?

323 4097 492 4167 xaudietur
515 4096 627 4187 utique
649 4114 708 4187 pro
732 4096 908 4164 reverentia
954 4097 1101 4167 Profecto
1141 4096 1377 4167 misericordiae
1415 4088 1540 4159 Domini

324 4212 394 4271 sua3
418 4192 511 4261 Pater
532 4192 615 4269 enlm
653 4188 755 4279 diligit
784 4188 908 4258 Filium.
954 4200 1029 4273 est,
1054 4189 1144 4284 quod
1167 4211 1232 4264 non
1255 4210 1372 4263 sumus
1391 4204 1543 4259 consum·

326 4282 388 4353 Sed
412 4284 542 4355 lorsitan
564 4294 598 4355 et
619 4284 651 4354 iu
675 4284 745 4379 ipso
767 4282 912 4375 majesta·
958 4286 1003 4378 pti
1026 4304 1096 4359 nos.
1368 4310 1374 4319 ·
