3584 5034
749 641 886 710 rosta
901 644 1005 716 tlltll
1417 645 1481 713 ιιι

261 751 355 822 ιιιιιιε.
380 753 592 824 utromodo.
780 768 782 773 '
897 757 1024 825 Domini
1048 754 1090 825 ad
1114 755 1225 842 liliam,
1252 754 1370 826 dicens'.
1387 755 1486 839 Tade,
1562 794 1567 803 ·

468 848 643 919 Lectione
835 877 837 881 ·
897 861 930 919 ει
953 849 1086 919 ostende
1105 860 1144 919 te
1176 850 1298 931 Achab,
1337 859 1390 917 ot'
1411 850 1486 921 dent

261 890 420 1011 Factum
443 951 492 1007 est
507 952 612 1013 autem
630 940 805 1034 posthaec,
821 952 854 1010 et
900 944 1042 1035 pluviam
1066 966 1163 1035 super
1179 944 1416 1013 taciem-terrae.

261 1034 435 1123 aegrotavit
458 1032 543 1102 lilius
580 1038 719 1104 mulieris
744 1037 851 1104 matris
946 1038 1068 1107 Psuim.
1085 1039 1115 1104 ι.
1131 1039 1210 1105 Cum
1228 1040 1410 1106 invocarem
1425 1049 1485 1107 etc.

261 1126 405 1207 familias,
431 1138 463 1195 ει
486 1141 553 1197 erat
586 1131 722 1219 languor
745 1129 850 1197 tortis·
944 1132 1070 1221 Antr'plt
1093 1133 1146 1197 Ait
1174 1131 1257 1197 Elias
1285 1130 1326 1196 ad
1366 1130 1485 1199 Achab.

261 1222 372 1300 simus,
412 1222 452 1285 ita
468 1232 504 1287 ut
528 1244 591 1290 non
618 1234 795 1291 remaneret
818 1226 850 1289 in
900 1226 1057 1305 Ascende,
1084 1224 1228 1305 comede,
1252 1234 1284 1291 et
1298 1220 1394 1306 bibe,
1411 1228 1488 1316 quia

260 1334 300 1381 eo
339 1315 442 1380 alitus.
468 1316 551 1382 Dixit
575 1339 651 1406 ergo
676 1316 716 1383 ad
743 1318 851 1383 Elium:
899 1338 999 1385 sonus
1023 1317 1142 1386 multae
1158 1318 1293 1411 pluviae
1315 1328 1372 1385 est.

132 1402 133 1425 ¹
259 1406 336 1495 quid
363 1406 450 1487 mibi,
475 1420 506 1474 et
531 1411 584 1478 tibi
609 1411 658 1477 vir
686 1412 743 1477 Dei
763 1412 779 1476 P
803 1410 856 1476 ln·
951 1413 1069 1479 Psalm.
1096 1414 1127 1477 b.
1151 1412 1253 1479 Verba
1276 1432 1357 1489 mea,
1381 1421 1440 1479 etc.

259 1522 389 1587 gressus
409 1516 447 1567 ‘es
471 1501 510 1567 ad
536 1526 597 1584 me,
624 1516 660 1571 ut
694 1522 853 1571 rememo·
947 1505 1071 1594 Antiph.
1099 1504 1210 1573 llanus
1240 1504 1367 1571 Domini
1406 1504 1489 1573 lacta

259 1606 406 1660 narentur
431 1597 614 1684 iniquitates
632 1618 729 1676 meae,
748 1607 781 1663 et
804 1598 853 1663 in·
899 1608 948 1664 est
986 1620 1084 1689 super
1122 1598 1232 1680 Ellam,
1272 1598 1488 1688 accinctisque

132 1742 136 1773 ,
260 1686 420 1755 terficeres
456 1687 555 1756 filium
581 1689 706 1758 meum?
728 1691 785 1755 ‘lit
808 1690 851 1756 ait
897 1689 1015 1758 lumbis
1065 1692 1215 1760 currebat
1252 1701 1325 1758 ante
1364 1689 1486 1774 Achab,

132 1802 134 1839 ι
258 1778 299 1847 ad
338 1801 408 1847 eam
439 1782 534 1849 Elias:
560 1781 601 1850 da
630 1783 704 1851 mibi
745 1782 848 1850 filium
897 1781 1001 1851 donec
1024 1787 1146 1852 veniret
1169 1786 1201 1851 in
1225 1784 1354 1853 iezrael.

132 1896 138 1927 ι
258 1884 358 1941 ιιιιιιιι.
377 1875 524 1965 Tulitque
536 1898 609 1944 eum
622 1876 746 1945 desino
766 1879 846 1966 ejus,
944 1877 1065 1956 Pedite,
1098 1880 1130 1945 o.
1160 1878 1294 1945 Domine
1333 1877 1489 1945 Dominus

262 1977 294 2033 ει
332 1971 470 2058 portavit
495 1970 526 2035 in
557 1972 780 2039 coenaculum:
797 1970 852 2037 ubi
902 1980 1093 2050 noster‚etc.

261 2061 332 2149 ipse
366 2060 523 2143 manebat,
551 2074 582 2131 et
606 2066 713 2155 posuit
753 2086 851 2154 super
946 2064 975 2130 ι.
1000 2065 1048 2141 Tu
1072 2064 1166 2154 ungis
1189 2064 1290 2152 Reges
1329 2061 1371 2130 ad
1410 2083 1489 2154 poe·

261 2152 415 2219 lectulum
441 2158 609 2224 suomet
640 2159 788 2227 clamavit
809 2156 850 2223 ad
899 2157 1069 2232 pitantiam.

260 2246 445 2325 Dominum,
463 2257 494 2315 et
509 2247 596 2315 dixit:
615 2252 748 2330 Domine
768 2253 851 2318 Deus
945 2257 977 2328 h.
1002 2250 1041 2317 lit
1063 2249 1236 2343 propbetas
1259 2249 1337 2319 lacis
1357 2269 1488 2320 succes-

132 2400 133 2423 ,
261 2360 363 2421 meus,
404 2340 539 2409 etiamne
579 2342 719 2425 viduam,
765 2344 852 2434 apud
899 2363 989 2411 sores
1004 2355 1076 2433 post
1099 2355 1138 2413 te.

132 2426 133 2467 i
261 2454 357 2521 quarn
382 2445 645 2526 egoutcumque
679 2448 851 2521 sustentor,
946 2438 994 2503 lix
1033 2438 1129 2505 Libro
1167 2437 1272 2508 Sancti
1312 2437 1486 2531 Epiphanii

259 2522 406 2609 afflixisti,
438 2540 484 2595 ut·
511 2530 707 2599 interficeres
747 2532 850 2601 lilium
899 2529 1057 2620 Episcopi.

255 2619 344 2707 ejus?
370 2631 403 2689 et
418 2622 567 2711 expandit
582 2646 627 2706 se,
645 2636 744 2716 atque
760 2647 849 2693 meo·
990 2625 1039 2690 Dc
1068 2621 1149 2692 Vitis
1171 2624 1396 2713 Prophetarum
1524 2700 1531 2713 ⁶

258 2733 314 2779 sus
346 2724 395 2781 est
434 2736 531 2806 super
570 2739 708 2807 puerum
747 2718 849 2786 tribus
1144 2717 1278 2783 Lectw.

256 2805 395 2886 vicibus,
420 2818 451 2873 et
492 2809 640 2879 clamavit
662 2811 704 2877 ad
743 2812 850 2877 Domi·
899 2764 1012 2876 Elias
1037 2807 1194 2901 Propheta
1218 2830 1259 2877 ex
1274 2806 1406 2877 Thosbis
1424 2807 1489 2877 exi·

133 2926 134 2951 ι
257 2921 347 2979 nom,
371 2910 403 2967 ει
419 2902 471 2967 ait:
488 2902 622 2972 Domine
643 2905 729 2971 Deus
745 2924 846 2984 meus,
893 2902 997 2970 stebat
1036 2924 1055 2969 e
1105 2905 1288 2979 continente
1332 2900 1487 2983 Arabum,

258 3001 445 3075 revertatur,
469 2993 614 3076 obsecro,
633 2998 745 3064 anima·
760 2996 851 3088 pueri
900 2995 942 3063 de
959 2995 1055 3063 Tribo
1067 2994 1174 3063 Aaron
1191 2998 1326 3064 Levitae.
1343 2995 1487 3063 lloraba·

258 3076 354 3175 hujus
379 3088 410 3154 in
434 3088 556 3156 viscera
572 3091 650 3179 ejus.
668 3090 707 3156 ιιι
721 3088 854 3157 exaudi·
903 3099 957 3155 tur
979 3099 1086 3156 autem
1109 3092 1145 3157 in
1168 3089 1296 3157 Galaad:
1337 3088 1490 3179 qnoniam

256 3180 303 3247 vit
328 3180 484 3249 Dominus
503 3202 613 3250 vocem
631 3184 725 3253 liliae:
740 3193 775 3252 et
799 3204 848 3251 re·
897 3181 1029 3251 Thosbis
1052 3192 1143 3251 erant
1157 3182 1253 3251 aedes
1269 3181 1490 3251 sacerdotibus

133 3336 134 3371 ,
258 3293 351 3341 versa
374 3283 423 3343 est
438 3278 543 3343 anima
559 3279 651 3369 pueri
671 3276 849 3359 introsum,
900 3286 1115 3355 consecratae,
1139 3296 1177 3341 ac
1190 3274 1373 3343 destinatae.
1386 3277 1491 3355 Quem

258 3376 290 3433 et
317 3367 439 3437 revixit.
902 3389 977 3436 cum
1002 3369 1179 3445 eniteretur,
1197 3390 1313 3458 parens
1336 3370 1416 3457 ejus,
1457 3388 1492 3436 ε-

305 3464 336 3538 ιι.
362 3461 499 3530 Reversa
528 3471 576 3530 est
611 3462 716 3531 anima
758 3466 854 3555 pueri
895 3461 1037 3551 jusmodi
1062 3461 1166 3528 Sabae
1189 3461 1271 3552 patri
1295 3464 1377 3530 visio
1392 3482 1492 3553 appa·

258 3549 339 3617 inter
361 3575 445 3636 eum,
469 3565 502 3624 et
524 3558 646 3642 revixit,
671 3568 703 3627 ει
719 3557 847 3625 tradidit
893 3557 965 3623 ruit.
983 3555 1045 3622 Viri
1061 3555 1191 3623 niveum
1209 3556 1381 3646 quemdam
1400 3576 1492 3647 prae-

257 3644 348 3709 matri
372 3668 459 3729 suae,
484 3660 516 3717 et
530 3653 574 3719 alt
589 3654 643 3720 illi.
667 3652 688 3695 *
707 3653 755 3719 lin
773 3652 850 3719 vivit
898 3650 1069 3717 solerentes
1082 3648 1236 3732 habitum,
1251 3652 1422 3742 pusionem
1439 3667 1492 3713 sa-

260 3734 347 3803 filius
373 3746 461 3807 tuus.¹
901 3742 1055 3823 lutabant,
1082 3744 1255 3834 matrisque
1279 3741 1434 3810 uberibus
1458 3743 1492 3808 in

310 3830 341 3895 ti.
366 3832 450 3899 Tulit
472 3835 554 3903 Elias
576 3860 725 3928 puerum,
749 3847 781 3905 et
794 3834 850 3905 de·
895 3838 1000 3925 ignem
1024 3836 1213 3917 evellebant,
1241 3837 1318 3926 quin
1342 3844 1375 3903 et
1397 3831 1492 3902 llam·

134 3952 136 4025 l
264 3924 372 4015 posuit
387 3947 462 3992 eum
478 3930 509 3993 in
524 3931 705 4000 interiorem
718 3929 851 3998 domum
901 3951 986 3996 mam
1004 3930 1086 4015 ignis
1104 3930 1167 3996 cibi
1184 3926 1490 3996 locoministrabant.

264 4016 384 4085 dicens:
400 4020 448 4086 En
463 4021 547 4089 vivit
565 4023 673 4091 Gloria
689 4025 855 4092 Patrieto.
903 4020 1069 4089 Profectus
1108 4032 1156 4089 est
1196 4025 1305 4111 itaque
1335 4022 1366 4086 in
1399 4021 1491 4089 leru-

141 4140 152 4168 τ
267 4111 314 4178 lin
328 4113 411 4179 vivit.
579 4148 581 4155 π
903 4115 1002 4183 salem
1027 4113 1158 4204 genitor,
1185 4112 1371 4203 visaquead
1387 4132 1492 4182 sacer-

381 4206 425 4274 lN
441 4206 481 4272 ll.
492 4208 726 4281 ‘NOCTURNO
903 4207 994 4277 dotes
1009 4207 1123 4276 retulit.
1144 4207 1315 4298 Respondit
1329 4218 1436 4276 autem
1448 4208 1491 4274 illi

312 4298 434 4393 Antipli.
464 4303 595 4373 Factum
629 4314 677 4376 est
715 4303 851 4375 verbum
897 4302 1157 4387 Chremetitmus,
1171 4300 1233 4372 boo
1248 4310 1297 4373 est
1311 4301 1489 4380 oraculum,
