3584 5034
699 673 825 747 rssrr
851 651 1082 750 novsusnrs
1440 683 1505 754 rer

270 787 335 861 lide
357 797 401 860 et
438 786 540 860 salute
581 788 691 858 devios
731 790 855 860 Christo
906 791 1035 862 stolicos
1073 791 1200 863 labores
1251 793 1337 862 Deus
1385 794 1503 879 multis,

271 883 471 967 lucrifecerit,
494 894 526 952 et
554 881 674 975 probos
713 883 856 954 homiues
902 887 1140 978 praeclarisque
1170 885 1412 956 charismatibus
1443 888 1502 959 ho·

273 977 526 1069 quamplurimos
540 977 582 1045 ad
598 980 743 1069 pietatem
762 979 862 1068 magis
909 991 1033 1048 nestare
1046 980 1156 1049 voluit.
1172 981 1275 1048 Patrio
1284 983 1411 1074 quippe
1425 1002 1503 1052 cou-

267 1072 441 1160 ·magisque
463 1070 671 1137 inflammarit.
695 1073 791 1138 Facta
821 1071 864 1139 ab
894 1073 1088 1164 donantem
1112 1073 1263 1143 idiomate
1286 1073 1430 1144 homines
1453 1075 1502 1144 di-

274 1163 388 1232 eodem
412 1165 564 1243 Pontifiee
587 1174 741 1256 potestate
756 1166 861 1232 socios
910 1170 996 1234 versi
1020 1168 1175 1236 sermonis
1198 1169 1423 1258 uuusquisque
1445 1190 1503 1237 au·

271 1256 476 1346 aggregandi,
492 1259 546 1349 qui
563 1257 685 1325 cultum
704 1258 861 1325 Passionis
908 1258 1016 1328 diebat
1039 1258 1149 1350 lingua
1171 1283 1229 1328 sua
1254 1261 1343 1328 illum
1367 1261 1503 1351 loquen-

274 1350 386 1419 Christi
442 1351 474 1417 iu
507 1351 688 1418 ‘animarum
737 1350 859 1418 honum
908 1362 981 1420 tem:
1005 1371 1134 1444 voxque
1158 1353 1243 1422 illius
1267 1354 1309 1423 ad
1345 1357 1427 1435 tria,
1451 1357 1502 1424 vel

271 1442 506 1535 protenderent,
530 1445 666 1512 Mentem
707 1447 859 1534 Argenta-
908 1456 1047 1534 quatuor
1068 1447 1166 1514 millia
1189 1467 1343 1540 passuum
1383 1447 1502 1516 distau-

272 1540 358 1604 rium
395 1557 497 1628 prope
534 1537 724 1607 Urbitellum
763 1538 860 1629 petiit,
906 1538 993 1606 tibus
1007 1540 1152 1608 innotuit.
1172 1541 1270 1610 Tanto
1287 1539 1414 1610 divinae
1427 1540 1503 1610 oha-

272 1649 340 1721 quo
363 1650 383 1696 a
406 1632 551 1789 Bepara,
585 1651 669 1720 quae
696 1651 779 1699 sese
817 1631 862 1698 illi
907 1633 1005 1700 ritatis
1030 1633 1101 1722 igne
1124 1652 1181 1702 eor
1202 1635 1273 1724 ejus
1300 1637 1441 1716 exarsit,
1465 1646 1503 1702 ut

271 1723 454 1814 conspicieu
476 1747 528 1791 arn
554 1722 694 1805 dederat,
723 1722 860 1792 vocaba-
908 1743 982 1792 cum
1007 1724 1126 1794 finibus
1148 1730 1216 1796 suis
1241 1729 1372 1797 minime
1398 1730 1501 1797 eonti-

274 1826 334 1884 tur.
358 1815 405 1882 lbi
427 1816 489 1884 seli
506 1819 573 1886 Deo
588 1817 740 1896 conlisus,
756 1817 858 1909 prima
906 1819 973 1885 neri
996 1831 1114 1910 posset,
1138 1821 1223 1888 duae
1245 1821 1389 1890 costulae
1429 1842 1501 1890 sese

271 1931 349 1978 suae
371 1908 628 2000 Congmgationis
651 1911 856 1978 fundamenta
903 1912 1018 1978 mirum
1037 1914 1067 1980 iu
1085 1913 1217 1981 modum
1228 1915 1407 1982 extulerint.
1432 1913 1500 1982 llo-

265 2004 353 2093 jecit,
401 2015 516 2096 quarto
570 2003 733 2072 sodalibus
786 2014 862 2090 veto
904 2003 952 2076 do
976 2005 1085 2073 vultus
1108 2007 1188 2095 ejus,
1205 2005 1302 2075 modo
1317 2025 1436 2099 corpus
1452 2019 1501 2076 to·

269 2095 431 2183 obstriptis
475 2097 683 2185 promovendi
737 2106 858 2185 gratam
905 2108 974 2164 tum
998 2096 1076 2166 dum
1100 2121 1228 2168 sacrum
1249 2109 1370 2189 ageret,
1394 2099 1514 2192 uelde=

269 2187 358 2279 apud
381 2187 604 2256 Christilideles
626 2191 772 2278 patientis
794 2191 858 2256 Do·
905 2191 974 2258 Deo
997 2190 1094 2260 verba
1117 2192 1235 2262 laceret
1257 2192 1387 2264 coelesti
1402 2192 1499 2263 lumi-

272 2282 349 2348 mini
374 2282 569 2349 memoriam.
592 2282 635 2350 Ut
656 2294 861 2374 eutemopus
906 2303 949 2351 ne
972 2284 1228 2368 circumfusum,
1252 2298 1284 2356 et
1322 2309 1362 2356 ex
1402 2286 1502 2356 humo

274 2374 381 2443 divina
405 2375 567 2442 voluntate
606 2376 778 2467 inceptum,
821 2374 862 2446 sd
909 2375 1047 2446 sublime
1081 2391 1288 2470 conspectum
1322 2389 1385 2450 est.
1409 2379 1503 2450 Pere-

273 2478 417 2558 optatum
443 2467 541 2537 linem
563 2467 762 2558 perduceret,
777 2466 863 2535 haud
908 2473 1024 2538 mantis
1047 2471 1123 2540 lesu
1148 2473 1210 2540 sub
1234 2484 1327 2543 veste
1354 2475 1505 2566 pauperis

273 2561 367 2629 laeile
407 2561 495 2629 dictu
535 2573 594 2643 est,
633 2571 713 2653 quot
752 2562 863 2630 itinera
909 2565 1044 2653 petentis
1068 2567 1194 2654 stipem,
1219 2566 1355 2656 eju'sque
1386 2567 1504 2635 Beatis-

272 2654 430 2746 pedestris
452 2655 518 2724 lere
541 2677 667 2746 semper
681 2654 863 2736 contecerit,
901 2655 1010 2725 ¹simae
1031 2657 1137 2723 llatris
1162 2658 1228 2725 Filii
1247 2659 1357 2750 poenis
1379 2658 1501 2728 oondo-

272 2758 354 2837 quot
375 2751 611 2838 perseeutiones
626 2769 731 2840 aequo
754 2749 861 2818 auimo
908 2747 1011 2830 lentis,
1035 2769 1072 2816 ao
1107 2750 1301 2839 Angelorum
1327 2751 1359 2818 iu
1391 2749 1501 2821 multis

271 2839 390 2918 tulerit,
414 2850 494 2930 quot
520 2863 688 2910 aerumnas
717 2852 750 2910 et
778 2839 862 2909 ludi·
908 2841 1130 2932 opitulantiunr
1155 2843 1240 2926 sibi,
1267 2843 1501 2914 cousuetudine

271 2931 340 2999 brie
363 2931 466 3000 libens
490 2932 697 3012 devoraverit,
733 2944 864 3024 paratus
910 2931 1144 3021 dignatusest:
1180 2940 1304 3007 animae
1334 2957 1412 3006 vero
1434 2939 1503 3030 pia-

272 3027 393 3115 majora
430 3029 561 3118 perpeti,
599 3038 638 3093 ut
675 3026 787 3095 Christi
828 3029 861 3094 iu
908 3027 1076 3096 sularibus
1096 3027 1392 3102 flammis-detentae
1407 3050 1505 3124 saepe

273 3140 369 3186 earne
391 3120 475 3210 passi
493 3120 660 3203 ,exhiberet
684 3121 861 3209 imaginem.
910 3121 1019 3190 Virum
1043 3123 1111 3204 Dei,
1127 3125 1172 3192 'ut
1188 3124 1248 3192 sibi
1265 3125 1340 3217 ipsis
1357 3135 1504 3216 parenta-

266 3213 366 3279 ·Novo
389 3212 518 3280 demum
546 3215 692 3282 instituto
709 3237 773 3282 uua
787 3235 864 3282 eum
911 3227 974 3296 ret,
1008 3228 1151 3286 moestae
1164 3239 1327 3308 rogavere.
1341 3239 1350 3276 t
1364 3217 1503 3311 Prophe·

273 3306 402 3394 regulis,
430 3328 512 3397 quas
535 3308 616 3375 inter
639 3307 794 3375 orandum
816 3309 866 3375 di·
912 3308 973 3396 tiae
1013 3311 1152 3400 spiritu,
1176 3311 1430 3396 miraculorum,
1471 3321 1504 3381 et

272 3400 390 3467 vinitus
414 3413 589 3492 acceperat,
616 3399 657 3467 ab
682 3396 869 3491 Apostolies'
908 3399 1106 3470 bilocationis
1142 3404 1254 3488 dono,
1295 3425 1504 3498 compescen-

274 3491 358 3560 Sede
383 3513 447 3560 neu
484 3493 582 3562 semel
623 3493 768 3586 probato,
806 3494 864 3563 etsi
914 3493 1011 3588 dique
1052 3493 1222 3568 daemones
1254 3509 1408 3591 potestate
1447 3521 1503 3568 ex·

273 3583 445 3666 reluctans,
474 3609 613 3677 praesse·
641 3588 748 3679 quoad
789 3589 865 3657 vixit
894 3587 1030 3655 ¹celluit.
1078 3591 1165 3660 llaec
1208 3593 1288 3662 inter
1325 3590 1506 3685 profundae

272 3685 406 3744 coaetus
429 3692 487 3762 est,
514 3681 616 3769 laetus
640 3682 741 3750 torma
756 3685 862 3770 gregis
912 3678 1079 3752 humilitati·
1102 3683 1244 3767 studens,
1269 3708 1397 3755 servum
1431 3685 1503 3752 inu·

261 3790 317 3837 -ex
339 3771 456 3837 animo.
481 3773 631 3842 llouiales
646 3795 781 3864 quoque
797 3775 868 3843 Cle·
909 3775 1001 3850 ¹tilem
1027 3798 1098 3846 sese
1121 3778 1319 3847 existimabat
1342 3800 1380 3846 ae
1403 3779 1503 3845 maxi-

271 3872 382 3930 meute
405 3862 646 3955 decimoquarto
661 3866 868 3958 approbante,
917 3891 1004 3934 mum
1029 3883 1254 3958 peccatorem,
1280 3882 1377 3963 atque
1400 3870 1504 3938 omnis

275 3955 418 4038 instituit,
440 3978 525 4047 quae
547 3958 660 4028 sedulo
679 3959 866 4050 Redempto-
912 3963 1035 4050 generis
1069 3957 1228 4033 aerumnis
1269 3964 1503 4052 dignissimum,

265 4049 320 4115 ris
344 4049 508 4118 cruciatus
531 4051 765 4120 meditarentur.
802 4113 805 4117 .
912 4053 1033 4143 quibus
1057 4075 1115 4147 per
1138 4059 1245 4145 plures
1268 4078 1370 4124 anuos
1391 4081 1410 4125 a
1435 4057 1505 4126 Deo·

322 4152 354 4227 rt.
380 4145 505 4212 Amavit
527 4166 601 4213 eum
631 4145 793 4215 Dominus.
911 4145 1063 4237 probatus
1087 4148 1198 4217 lueret.
1222 4150 1359 4218 'landem
1399 4160 1501 4221 extre·

274 4290 277 4297 .
493 4240 575 4307 Lect.
600 4259 641 4306 vr.
911 4263 998 4308 muru
1015 4241 1097 4311 diem
1114 4243 1173 4310 sibi
1193 4247 1356 4313 imminere
1379 4257 1536 4335 cogno-⁴
1596 4324 1598 4330 Ι
1668 4327 1669 4334 ¹

275 4277 390 4399 Servi
414 4333 466 4401 sui
488 4334 704 4418 summitatem,
728 4345 760 4404 et
782 4354 858 4429 apo·
908 4353 1026 4420 scens,
1056 4340 1238 4407 convocatis
1277 4339 1417 4408 alumnis
1437 4337 1503 4402 lra-
