<?xml version="1.0" encoding="UTF-8"?>
<!DOCTYPE html PUBLIC "-//W3C//DTD XHTML 1.0 Transitional//EN"
    "http://www.w3.org/TR/xhtml1/DTD/xhtml1-transitional.dtd">
<html xmlns="http://www.w3.org/1999/xhtml" xml:lang="en" lang="en">
 <head>
  <title>
</title>
<meta http-equiv="Content-Type" content="text/html;charset=utf-8" />
  <meta name='ocr-system' content='tesseract 3.04.00' />
  <meta name='ocr-capabilities' content='ocr_page ocr_carea ocr_par ocr_line ocrx_word'/>
</head>
<body>
  <div class='ocr_page' id='page_1' title='image "./officiasanctoru00churgoog/officiasanctoru00churgoog_0024.png"; bbox 0 0 3584 5034; ppageno 0'>
   <div class='ocr_carea' id='block_1_1' title="bbox 219 519 1037 646">
    <p class='ocr_par' dir='ltr' id='par_1_1' title="bbox 219 519 1037 646">
     <span class='ocr_line' id='line_1_1' title="bbox 219 519 1037 646; baseline 0 -4"><span class='ocrx_word' id='word_1_1' title='bbox 219 578 269 644; x_wconf 75' lang='grc' dir='ltr'><strong>,ε</strong></span> <span class='ocrx_word' id='word_1_2' title='bbox 604 595 606 600; x_wconf 31' lang='lat' dir='ltr'>v</span> <span class='ocrx_word' id='word_1_3' title='bbox 685 573 817 643; x_wconf 81' lang='lat' dir='ltr'><strong>rnsrn</strong></span> <span class='ocrx_word' id='word_1_4' title='bbox 841 519 1037 646; x_wconf 73' lang='lat' dir='ltr'><strong>snnonnn</strong></span> 
     </span>
    </p>
   </div>
   <div class='ocr_carea' id='block_1_2' title="bbox 230 681 1566 3644">
    <p class='ocr_par' dir='ltr' id='par_1_2' title="bbox 230 681 1566 3644">
     <span class='ocr_line' id='line_1_2' title="bbox 245 681 1435 774; baseline -0.002 -18"><span class='ocrx_word' id='word_1_5' title='bbox 245 687 455 768; x_wconf 73' lang='lat' dir='ltr'><strong>ecaritateet</strong></span> <span class='ocrx_word' id='word_1_6' title='bbox 470 683 836 774; x_wconf 85' lang='lat' dir='ltr'><strong>couverteritquiseum,</strong></span> <span class='ocrx_word' id='word_1_7' title='bbox 883 681 1000 756; x_wconf 76' lang='lat' dir='ltr'><strong>eraudi</strong></span> <span class='ocrx_word' id='word_1_8' title='bbox 1022 706 1075 754; x_wconf 90' lang='lat' dir='ltr'><strong>me</strong></span> <span class='ocrx_word' id='word_1_9' title='bbox 1096 686 1241 756; x_wconf 87' lang='lat' dir='ltr'><strong>Domine</strong></span> <span class='ocrx_word' id='word_1_10' title='bbox 1265 688 1435 761; x_wconf 83' lang='lat' dir='ltr'>Dominus..</span> 
     </span>
     <span class='ocr_line' id='line_1_3' title="bbox 245 776 1459 868; baseline -0.004 -20"><span class='ocrx_word' id='word_1_11' title='bbox 245 781 331 848; x_wconf 79' lang='lat' dir='ltr'><strong>scire</strong></span> <span class='ocrx_word' id='word_1_12' title='bbox 340 776 447 860; x_wconf 87' lang='lat' dir='ltr'><strong>debet,</strong></span> <span class='ocrx_word' id='word_1_13' title='bbox 459 778 610 868; x_wconf 87' lang='lat' dir='ltr'><strong>quoniam</strong></span> <span class='ocrx_word' id='word_1_14' title='bbox 626 777 682 867; x_wconf 90' lang='lat' dir='ltr'><strong>qui</strong></span> <span class='ocrx_word' id='word_1_15' title='bbox 694 778 836 846; x_wconf 83' lang='lat' dir='ltr'><strong>converti</strong></span> <span class='ocrx_word' id='word_1_16' title='bbox 919 778 1040 847; x_wconf 76' lang='lat' dir='ltr'><strong>Gloria</strong></span> <span class='ocrx_word' id='word_1_17' title='bbox 1057 780 1157 850; x_wconf 78' lang='lat' dir='ltr'><strong>Patri.</strong></span> <span class='ocrx_word' id='word_1_18' title='bbox 1179 780 1347 849; x_wconf 78' lang='lat' dir='ltr'><strong>Dominus.</strong></span> <span class='ocrx_word' id='word_1_19' title='bbox 1380 838 1384 845; x_wconf 93' lang='lat'><em>.</em></span> <span class='ocrx_word' id='word_1_20' title='bbox 1432 837 1459 844; x_wconf 84' lang='lat'><strong>..</strong></span> 
     </span>
     <span class='ocr_line' id='line_1_4' title="bbox 245 868 1509 962; baseline -0.002 -22"><span class='ocrx_word' id='word_1_21' title='bbox 245 872 356 942; x_wconf 79' lang='lat' dir='ltr'><strong>iecerit</strong></span> <span class='ocrx_word' id='word_1_22' title='bbox 392 881 596 962; x_wconf 86' lang='lat' dir='ltr'><strong>peccatorem</strong></span> <span class='ocrx_word' id='word_1_23' title='bbox 645 868 688 936; x_wconf 88' lang='lat' dir='ltr'><strong>ab</strong></span> <span class='ocrx_word' id='word_1_24' title='bbox 729 890 839 939; x_wconf 85' lang='lat' dir='ltr'><strong>errore</strong></span> <span class='ocrx_word' id='word_1_25' title='bbox 893 919 896 928; x_wconf 73' lang='grc'><em>.</em></span> <span class='ocrx_word' id='word_1_26' title='bbox 987 917 991 926; x_wconf 82' lang='lat'><strong>·</strong></span> <span class='ocrx_word' id='word_1_27' title='bbox 1050 870 1109 940; x_wconf 81' lang='grc' dir='ltr'><strong>ΙΝ.</strong></span> <span class='ocrx_word' id='word_1_28' title='bbox 1131 873 1173 938; x_wconf 86' lang='lat'><strong>11.</strong></span> <span class='ocrx_word' id='word_1_29' title='bbox 1196 873 1315 940; x_wconf 83' lang='lat' dir='ltr'>NOCT.</span> <span class='ocrx_word' id='word_1_30' title='bbox 1504 875 1509 883; x_wconf 84' lang='lat'>&#39;</span> 
     </span>
     <span class='ocr_line' id='line_1_5' title="bbox 245 958 1477 1052; baseline 0.002 -18"><span class='ocrx_word' id='word_1_31' title='bbox 245 958 317 1034; x_wconf 80' lang='lat' dir='ltr'><strong>viae</strong></span> <span class='ocrx_word' id='word_1_32' title='bbox 331 984 429 1044; x_wconf 83' lang='lat' dir='ltr'><strong>suae,</strong></span> <span class='ocrx_word' id='word_1_33' title='bbox 453 961 587 1031; x_wconf 74' lang='lat' dir='ltr'>salvabit</span> <span class='ocrx_word' id='word_1_34' title='bbox 608 962 746 1032; x_wconf 91' lang='lat' dir='ltr'><strong>animam</strong></span> <span class='ocrx_word' id='word_1_35' title='bbox 768 959 839 1050; x_wconf 82' lang='lat' dir='ltr'><strong>ejus</strong></span> <span class='ocrx_word' id='word_1_36' title='bbox 888 1025 892 1042; x_wconf 77' lang='grc'>,</span> <span class='ocrx_word' id='word_1_37' title='bbox 931 961 1055 1052; x_wconf 79' lang='lat' dir='ltr'><strong>Antipb</strong></span> <span class='ocrx_word' id='word_1_38' title='bbox 1080 964 1161 1031; x_wconf 84' lang='lat' dir='ltr'><strong>Cum</strong></span> <span class='ocrx_word' id='word_1_39' title='bbox 1185 965 1282 1039; x_wconf 83' lang='lat' dir='ltr'><strong>oratis</strong></span> <span class='ocrx_word' id='word_1_40' title='bbox 1303 985 1370 1034; x_wconf 91' lang='lat' dir='ltr'><strong>non</strong></span> <span class='ocrx_word' id='word_1_41' title='bbox 1391 966 1477 1036; x_wconf 87' lang='lat' dir='ltr'><strong>eritis</strong></span> 
     </span>
     <span class='ocr_line' id='line_1_6' title="bbox 243 1051 1478 1148; baseline 0 -22"><span class='ocrx_word' id='word_1_42' title='bbox 243 1079 262 1127; x_wconf 87' lang='lat' dir='ltr'><strong>a</strong></span> <span class='ocrx_word' id='word_1_43' title='bbox 288 1051 400 1138; x_wconf 84' lang='lat' dir='ltr'><strong>morte,</strong></span> <span class='ocrx_word' id='word_1_44' title='bbox 416 1067 448 1124; x_wconf 91' lang='lat' dir='ltr'><strong>et</strong></span> <span class='ocrx_word' id='word_1_45' title='bbox 464 1055 585 1147; x_wconf 89' lang='lat' dir='ltr'><strong>operiet</strong></span> <span class='ocrx_word' id='word_1_46' title='bbox 607 1054 841 1124; x_wconf 77' lang='lat' dir='ltr'><strong>multitudinem</strong></span> <span class='ocrx_word' id='word_1_47' title='bbox 887 1054 971 1125; x_wconf 91' lang='lat' dir='ltr'><strong>sicut</strong></span> <span class='ocrx_word' id='word_1_48' title='bbox 994 1055 1199 1148; x_wconf 68' lang='lat' dir='ltr'><strong>hypocritae·</strong></span> <span class='ocrx_word' id='word_1_49' title='bbox 1220 1057 1277 1147; x_wconf 87' lang='lat' dir='ltr'><strong>qui</strong></span> <span class='ocrx_word' id='word_1_50' title='bbox 1312 1070 1420 1126; x_wconf 90' lang='lat' dir='ltr'><strong>amant</strong></span> <span class='ocrx_word' id='word_1_51' title='bbox 1444 1060 1478 1140; x_wconf 59' lang='lat' dir='ltr'><strong>ip</strong></span> 
     </span>
     <span class='ocr_line' id='line_1_7' title="bbox 241 1150 1478 1242; baseline 0.002 -24"><span class='ocrx_word' id='word_1_52' title='bbox 241 1160 459 1242; x_wconf 76' lang='lat' dir='ltr'><strong>peccatorum.</strong></span> <span class='ocrx_word' id='word_1_53' title='bbox 735 1218 737 1224; x_wconf 70' lang='grc'><strong>,</strong></span> <span class='ocrx_word' id='word_1_54' title='bbox 883 1151 1065 1240; x_wconf 83' lang='lat' dir='ltr'><strong>synagogis,</strong></span> <span class='ocrx_word' id='word_1_55' title='bbox 1089 1159 1121 1216; x_wconf 93' lang='lat' dir='ltr'><strong>et</strong></span> <span class='ocrx_word' id='word_1_56' title='bbox 1144 1150 1177 1216; x_wconf 89' lang='lat' dir='ltr'><strong>in</strong></span> <span class='ocrx_word' id='word_1_57' title='bbox 1200 1150 1325 1238; x_wconf 83' lang='lat' dir='ltr'><strong>angulis</strong></span> <span class='ocrx_word' id='word_1_58' title='bbox 1358 1152 1478 1241; x_wconf 83' lang='lat' dir='ltr'><strong>platee·</strong></span> 
     </span>
     <span class='ocr_line' id='line_1_8' title="bbox 242 1235 1480 1326; baseline 0.002 -16"><span class='ocrx_word' id='word_1_59' title='bbox 242 1284 263 1310; x_wconf 74' lang='grc'><strong>,-</strong></span> <span class='ocrx_word' id='word_1_60' title='bbox 289 1235 840 1324; x_wconf 70' lang='lat' dir='ltr'><strong>rt.Cumstabitisud-oruodum*Di·</strong></span> <span class='ocrx_word' id='word_1_61' title='bbox 885 1261 960 1306; x_wconf 91' lang='lat' dir='ltr'><strong>rum</strong></span> <span class='ocrx_word' id='word_1_62' title='bbox 981 1251 1100 1310; x_wconf 79' lang='lat' dir='ltr'><strong>stantes</strong></span> <span class='ocrx_word' id='word_1_63' title='bbox 1124 1263 1225 1326; x_wconf 78' lang='lat' dir='ltr'><strong>oram,</strong></span> <span class='ocrx_word' id='word_1_64' title='bbox 1253 1243 1480 1313; x_wconf 71' lang='lat' dir='ltr'><strong>utlvidea&#39;ntur</strong></span> 
     </span>
     <span class='ocr_line' id='line_1_9' title="bbox 240 1331 1418 1426; baseline 0 -23"><span class='ocrx_word' id='word_1_65' title='bbox 240 1335 364 1416; x_wconf 82' lang='lat' dir='ltr'><strong>mittite,</strong></span> <span class='ocrx_word' id='word_1_66' title='bbox 381 1334 407 1402; x_wconf 88' lang='lat' dir='ltr'><strong>si</strong></span> <span class='ocrx_word' id='word_1_67' title='bbox 424 1332 504 1426; x_wconf 92' lang='lat' dir='ltr'><strong>quid</strong></span> <span class='ocrx_word' id='word_1_68' title='bbox 525 1333 656 1416; x_wconf 85' lang='lat' dir='ltr'><strong>habetis,</strong></span> <span class='ocrx_word' id='word_1_69' title='bbox 681 1331 837 1422; x_wconf 82' lang='lat' dir='ltr'><strong>aduersus</strong></span> <span class='ocrx_word' id='word_1_70' title='bbox 883 1331 925 1400; x_wconf 85' lang='lat' dir='ltr'><strong>ab</strong></span> <span class='ocrx_word' id='word_1_71' title='bbox 948 1331 1143 1403; x_wconf 85' lang='lat' dir='ltr'><strong>hominibus.</strong></span> <span class='ocrx_word' id='word_1_72' title='bbox 1281 1416 1284 1419; x_wconf 17' lang='lat'><strong>¹</strong></span> <span class='ocrx_word' id='word_1_73' title='bbox 1415 1412 1418 1418; x_wconf 11' lang='grc' dir='ltr'><strong>Ἴ</strong></span> 
     </span>
     <span class='ocr_line' id='line_1_10' title="bbox 238 1381 1566 1588; baseline -0.002 -95"><span class='ocrx_word' id='word_1_74' title='bbox 238 1427 393 1588; x_wconf 67' lang='lat' dir='ltr'><strong>nepem.</strong></span> <span class='ocrx_word' id='word_1_75' title='bbox 591 1477 594 1480; x_wconf 89' lang='lat'>.</span> <span class='ocrx_word' id='word_1_76' title='bbox 824 1457 826 1462; x_wconf 65' lang='lat'>,</span> <span class='ocrx_word' id='word_1_77' title='bbox 907 1466 909 1473; x_wconf 14' lang='lat' dir='ltr'><strong>a</strong></span> <span class='ocrx_word' id='word_1_78' title='bbox 954 1498 958 1506; x_wconf 77' lang='grc'><em>,</em></span> <span class='ocrx_word' id='word_1_79' title='bbox 1062 1381 1566 1496; x_wconf 58' lang='lat' dir='ltr'><strong>recusantem-⁷11¹</strong></span> 
     </span>
     <span class='ocr_line' id='line_1_11' title="bbox 313 1517 1244 1607; baseline 0 -22"><span class='ocrx_word' id='word_1_80' title='bbox 313 1519 387 1590; x_wconf 64' lang='lat' dir='ltr'><strong>..tn</strong></span> <span class='ocrx_word' id='word_1_81' title='bbox 408 1529 441 1588; x_wconf 93' lang='lat' dir='ltr'><strong>et</strong></span> <span class='ocrx_word' id='word_1_82' title='bbox 463 1519 555 1588; x_wconf 87' lang='lat' dir='ltr'><strong>Pater</strong></span> <span class='ocrx_word' id='word_1_83' title='bbox 577 1526 692 1600; x_wconf 80' lang='lat' dir='ltr'><strong>vester,</strong></span> <span class='ocrx_word' id='word_1_84' title='bbox 707 1575 711 1582; x_wconf 91' lang='lat'>.</span> <span class='ocrx_word' id='word_1_85' title='bbox 727 1517 783 1607; x_wconf 89' lang='lat' dir='ltr'><strong>qui</strong></span> <span class='ocrx_word' id='word_1_86' title='bbox 808 1517 840 1584; x_wconf 91' lang='lat' dir='ltr'><strong>iu</strong></span> <span class='ocrx_word' id='word_1_87' title='bbox 865 1567 868 1572; x_wconf 80' lang='lat'><em>-</em></span> <span class='ocrx_word' id='word_1_88' title='bbox 934 1517 1048 1585; x_wconf 77' lang='lat' dir='ltr'><strong>iudica</strong></span> <span class='ocrx_word' id='word_1_89' title='bbox 1070 1541 1123 1586; x_wconf 93' lang='lat' dir='ltr'><strong>me</strong></span> <span class='ocrx_word' id='word_1_90' title='bbox 1147 1522 1244 1587; x_wconf 90' lang='lat' dir='ltr'><strong>Deus.</strong></span> 
     </span>
     <span class='ocr_line' id='line_1_12' title="bbox 238 1602 1479 1702; baseline 0.001 -22"><span class='ocrx_word' id='word_1_91' title='bbox 238 1602 340 1680; x_wconf 80' lang='lat' dir='ltr'><strong>caelis</strong></span> <span class='ocrx_word' id='word_1_92' title='bbox 363 1622 421 1693; x_wconf 87' lang='lat' dir='ltr'><strong>est,</strong></span> <span class='ocrx_word' id='word_1_93' title='bbox 445 1611 580 1679; x_wconf 86' lang='lat' dir='ltr'><strong>dimittat</strong></span> <span class='ocrx_word' id='word_1_94' title='bbox 601 1609 695 1680; x_wconf 88' lang='lat' dir='ltr'><strong>vobis</strong></span> <span class='ocrx_word' id='word_1_95' title='bbox 726 1629 841 1702; x_wconf 88' lang='lat' dir='ltr'><strong>pecea-</strong></span> <span class='ocrx_word' id='word_1_96' title='bbox 935 1610 1060 1698; x_wconf 78' lang='lat' dir='ltr'><strong>Antipt.</strong></span> <span class='ocrx_word' id='word_1_97' title='bbox 1087 1610 1134 1693; x_wconf 85' lang='lat' dir='ltr'><strong>Tu</strong></span> <span class='ocrx_word' id='word_1_98' title='bbox 1157 1620 1264 1678; x_wconf 90' lang='lat' dir='ltr'><strong>autem</strong></span> <span class='ocrx_word' id='word_1_99' title='bbox 1306 1631 1382 1679; x_wconf 92' lang='lat' dir='ltr'><strong>cum</strong></span> <span class='ocrx_word' id='word_1_100' title='bbox 1406 1631 1479 1682; x_wconf 85' lang='lat' dir='ltr'><strong>ora·</strong></span> 
     </span>
     <span class='ocr_line' id='line_1_13' title="bbox 240 1700 1477 1792; baseline 0 -20"><span class='ocrx_word' id='word_1_101' title='bbox 240 1714 275 1772; x_wconf 88' lang='lat' dir='ltr'><strong>ta</strong></span> <span class='ocrx_word' id='word_1_102' title='bbox 298 1713 411 1773; x_wconf 82' lang='lat' dir='ltr'><strong>vestre.</strong></span> <span class='ocrx_word' id='word_1_103' title='bbox 434 1704 594 1792; x_wconf 82' lang='lat' dir='ltr'><strong>Dimittite.</strong></span> <span class='ocrx_word' id='word_1_104' title='bbox 812 1759 815 1764; x_wconf 93' lang='lat'>.</span> <span class='ocrx_word' id='word_1_105' title='bbox 883 1701 979 1783; x_wconf 84' lang='lat' dir='ltr'><strong>veris,</strong></span> <span class='ocrx_word' id='word_1_106' title='bbox 1002 1703 1083 1772; x_wconf 84' lang='lat' dir='ltr'><strong>intra</strong></span> <span class='ocrx_word' id='word_1_107' title='bbox 1107 1703 1139 1771; x_wconf 91' lang='lat' dir='ltr'><strong>in</strong></span> <span class='ocrx_word' id='word_1_108' title='bbox 1161 1700 1349 1771; x_wconf 78' lang='lat' dir='ltr'><strong>cubiculum</strong></span> <span class='ocrx_word' id='word_1_109' title='bbox 1373 1713 1477 1787; x_wconf 89' lang='lat' dir='ltr'><strong>tuum,</strong></span> 
     </span>
     <span class='ocr_line' id='line_1_14' title="bbox 287 1792 1478 1888; baseline 0.003 -26"><span class='ocrx_word' id='word_1_110' title='bbox 287 1797 336 1865; x_wconf 89' lang='lat' dir='ltr'><strong>De</strong></span> <span class='ocrx_word' id='word_1_111' title='bbox 359 1795 500 1887; x_wconf 83' lang='lat' dir='ltr'><strong>Epistula</strong></span> <span class='ocrx_word' id='word_1_112' title='bbox 521 1798 555 1868; x_wconf 80' lang='lat' dir='ltr'><strong>n</strong></span> <span class='ocrx_word' id='word_1_113' title='bbox 579 1795 670 1865; x_wconf 86' lang='lat' dir='ltr'><strong>Pauli</strong></span> <span class='ocrx_word' id='word_1_114' title='bbox 695 1792 839 1888; x_wconf 77' lang='lat' dir='ltr'><strong>Apostoli</strong></span> <span class='ocrx_word' id='word_1_115' title='bbox 885 1803 927 1877; x_wconf 86' lang='lat' dir='ltr'><strong>et,</strong></span> <span class='ocrx_word' id='word_1_116' title='bbox 952 1794 1063 1862; x_wconf 87' lang='lat' dir='ltr'><strong>clauso</strong></span> <span class='ocrx_word' id='word_1_117' title='bbox 1080 1796 1173 1877; x_wconf 90' lang='lat' dir='ltr'><strong>ostio,</strong></span> <span class='ocrx_word' id='word_1_118' title='bbox 1199 1816 1256 1864; x_wconf 84' lang='lat' dir='ltr'><strong>ora</strong></span> <span class='ocrx_word' id='word_1_119' title='bbox 1278 1798 1404 1866; x_wconf 85' lang='lat' dir='ltr'><strong>Patrem</strong></span> <span class='ocrx_word' id='word_1_120' title='bbox 1417 1806 1478 1866; x_wconf 88' lang='lat' dir='ltr'><strong>tu·</strong></span> 
     </span>
     <span class='ocr_line' id='line_1_15' title="bbox 237 1885 1511 1973; baseline -0.002 -15"><span class='ocrx_word' id='word_1_121' title='bbox 237 1888 284 1958; x_wconf 78' lang='lat' dir='ltr'><strong>nd</strong></span> <span class='ocrx_word' id='word_1_122' title='bbox 305 1889 483 1959; x_wconf 73' lang='lat' dir='ltr'><strong>’Hebraeos</strong></span> <span class='ocrx_word' id='word_1_123' title='bbox 593 1945 596 1952; x_wconf 91' lang='lat'><em>.</em></span> <span class='ocrx_word' id='word_1_124' title='bbox 887 1909 945 1954; x_wconf 93' lang='lat' dir='ltr'><strong>um</strong></span> <span class='ocrx_word' id='word_1_125' title='bbox 968 1887 1000 1954; x_wconf 89' lang='lat' dir='ltr'><strong>io</strong></span> <span class='ocrx_word' id='word_1_126' title='bbox 1024 1885 1222 1956; x_wconf 83' lang='lat' dir='ltr'><strong>abscondite.</strong></span> <span class='ocrx_word' id='word_1_127' title='bbox 1502 1968 1511 1973; x_wconf 39' lang='grc'>,</span> 
     </span>
     <span class='ocr_line' id='line_1_16' title="bbox 386 1961 1506 2069; baseline -0.009 -13"><span class='ocrx_word' id='word_1_128' title='bbox 386 1983 470 2056; x_wconf 73' lang='lat' dir='ltr'><strong>tec.</strong></span> <span class='ocrx_word' id='word_1_129' title='bbox 494 2001 538 2048; x_wconf 79' lang='grc' dir='ltr'><strong>ιιι.</strong></span> <span class='ocrx_word' id='word_1_130' title='bbox 635 1981 768 2068; x_wconf 69' lang='lat' dir='ltr'><strong>cap-s</strong></span> <span class='ocrx_word' id='word_1_131' title='bbox 828 2051 830 2056; x_wconf 67' lang='grc'>,</span> <span class='ocrx_word' id='word_1_132' title='bbox 909 2065 912 2069; x_wconf 26' lang='grc'>,</span> <span class='ocrx_word' id='word_1_133' title='bbox 1065 1970 1215 2050; x_wconf 65' lang='lat' dir='ltr'><strong>neamus</strong></span> <span class='ocrx_word' id='word_1_134' title='bbox 1239 1961 1506 2049; x_wconf 62' lang='lat' dir='ltr'><strong>conuertit·</strong></span> 
     </span>
     <span class='ocr_line' id='line_1_17' title="bbox 240 2025 1478 2162; baseline 0.007 -26"><span class='ocrx_word' id='word_1_135' title='bbox 240 2025 411 2142; x_wconf 75' lang='lat' dir='ltr'><strong>Christus</strong></span> <span class='ocrx_word' id='word_1_136' title='bbox 428 2094 493 2141; x_wconf 93' lang='lat' dir='ltr'><strong>non</strong></span> <span class='ocrx_word' id='word_1_137' title='bbox 517 2073 723 2162; x_wconf 86' lang='lat' dir='ltr'><strong>semetipsum</strong></span> <span class='ocrx_word' id='word_1_138' title='bbox 739 2070 832 2139; x_wconf 84' lang='lat' dir='ltr'><strong>clari·</strong></span> <span class='ocrx_word' id='word_1_139' title='bbox 901 2072 1026 2142; x_wconf 82' lang='lat' dir='ltr'><strong>Exaudi</strong></span> <span class='ocrx_word' id='word_1_140' title='bbox 1049 2073 1137 2142; x_wconf 89' lang='lat' dir='ltr'><strong>Deus</strong></span> <span class='ocrx_word' id='word_1_141' title='bbox 1166 2075 1343 2145; x_wconf 87' lang='lat' dir='ltr'><strong>orationem</strong></span> <span class='ocrx_word' id='word_1_142' title='bbox 1372 2096 1478 2146; x_wconf 86' lang='lat' dir='ltr'><strong>meam</strong></span> 
     </span>
     <span class='ocr_line' id='line_1_18' title="bbox 238 2163 1145 2258; baseline 0 -24"><span class='ocrx_word' id='word_1_143' title='bbox 238 2165 357 2248; x_wconf 84' lang='lat' dir='ltr'><strong>ficavit,</strong></span> <span class='ocrx_word' id='word_1_144' title='bbox 379 2175 418 2234; x_wconf 88' lang='lat' dir='ltr'><strong>ut</strong></span> <span class='ocrx_word' id='word_1_145' title='bbox 455 2166 598 2234; x_wconf 76' lang='lat' dir='ltr'>Pontifex</span> <span class='ocrx_word' id='word_1_146' title='bbox 624 2164 736 2247; x_wconf 78' lang='lat' dir='ltr'><strong>deret,</strong></span> <span class='ocrx_word' id='word_1_147' title='bbox 773 2163 832 2244; x_wconf 85' lang='lat' dir='ltr'><strong>sed</strong></span> <span class='ocrx_word' id='word_1_148' title='bbox 878 2185 954 2234; x_wconf 88' lang='lat' dir='ltr'><strong>cum</strong></span> <span class='ocrx_word' id='word_1_149' title='bbox 978 2166 1145 2258; x_wconf 89' lang='lat' dir='ltr'><strong>deprecor:</strong></span> 
     </span>
     <span class='ocr_line' id='line_1_19' title="bbox 236 2257 1478 2350; baseline 0.003 -24"><span class='ocrx_word' id='word_1_150' title='bbox 236 2260 297 2350; x_wconf 82' lang='lat' dir='ltr'><strong>qui</strong></span> <span class='ocrx_word' id='word_1_151' title='bbox 321 2259 450 2326; x_wconf 88' lang='lat' dir='ltr'><strong>locutus</strong></span> <span class='ocrx_word' id='word_1_152' title='bbox 473 2267 522 2327; x_wconf 90' lang='lat' dir='ltr'><strong>est</strong></span> <span class='ocrx_word' id='word_1_153' title='bbox 536 2257 588 2330; x_wconf 64' lang='lat' dir='ltr'><strong>,ad</strong></span> <span class='ocrx_word' id='word_1_154' title='bbox 609 2279 695 2340; x_wconf 87' lang='lat' dir='ltr'><strong>eum,</strong></span> <span class='ocrx_word' id='word_1_155' title='bbox 736 2258 834 2332; x_wconf 79' lang='lat' dir='ltr'><strong>Filius</strong></span> <span class='ocrx_word' id='word_1_156' title='bbox 885 2329 889 2332; x_wconf 76' lang='grc'><strong>,</strong></span> <span class='ocrx_word' id='word_1_157' title='bbox 927 2259 1053 2348; x_wconf 77' lang='lat' dir='ltr'><strong>Antipb.</strong></span> <span class='ocrx_word' id='word_1_158' title='bbox 1093 2260 1210 2329; x_wconf 86' lang='lat' dir='ltr'><strong>Factus</strong></span> <span class='ocrx_word' id='word_1_159' title='bbox 1235 2270 1284 2330; x_wconf 88' lang='lat' dir='ltr'><strong>est</strong></span> <span class='ocrx_word' id='word_1_160' title='bbox 1313 2269 1421 2329; x_wconf 87' lang='lat' dir='ltr'><strong>autem</strong></span> <span class='ocrx_word' id='word_1_161' title='bbox 1445 2261 1478 2330; x_wconf 91' lang='lat' dir='ltr'><strong>in</strong></span> 
     </span>
     <span class='ocr_line' id='line_1_20' title="bbox 236 2349 1479 2440; baseline 0.002 -23"><span class='ocrx_word' id='word_1_162' title='bbox 236 2373 331 2420; x_wconf 91' lang='lat' dir='ltr'><strong>meus</strong></span> <span class='ocrx_word' id='word_1_163' title='bbox 354 2371 389 2420; x_wconf 91' lang='lat' dir='ltr'><strong>es</strong></span> <span class='ocrx_word' id='word_1_164' title='bbox 413 2361 544 2440; x_wconf 81' lang='lat' dir='ltr'><strong>tu,·ogo</strong></span> <span class='ocrx_word' id='word_1_165' title='bbox 567 2349 641 2428; x_wconf 84' lang='lat' dir='ltr'><strong>odio</strong></span> <span class='ocrx_word' id='word_1_166' title='bbox 665 2351 760 2440; x_wconf 81' lang='lat' dir='ltr'><strong>genui</strong></span> <span class='ocrx_word' id='word_1_167' title='bbox 792 2359 834 2436; x_wconf 42' lang='lat' dir='ltr'><strong>tet</strong></span> <span class='ocrx_word' id='word_1_168' title='bbox 881 2350 943 2420; x_wconf 89' lang='lat' dir='ltr'><strong>illis</strong></span> <span class='ocrx_word' id='word_1_169' title='bbox 968 2350 1096 2434; x_wconf 88' lang='lat' dir='ltr'><strong>diebus,</strong></span> <span class='ocrx_word' id='word_1_170' title='bbox 1121 2352 1196 2418; x_wconf 82' lang='lat' dir='ltr'><strong>exiit</strong></span> <span class='ocrx_word' id='word_1_171' title='bbox 1221 2353 1315 2420; x_wconf 88' lang='lat' dir='ltr'><strong>Jesus</strong></span> <span class='ocrx_word' id='word_1_172' title='bbox 1338 2354 1370 2418; x_wconf 89' lang='lat' dir='ltr'><strong>in</strong></span> <span class='ocrx_word' id='word_1_173' title='bbox 1386 2354 1479 2420; x_wconf 81' lang='lat' dir='ltr'><strong>mou·</strong></span> 
     </span>
     <span class='ocr_line' id='line_1_21' title="bbox 234 2443 1476 2535; baseline 0.002 -25"><span class='ocrx_word' id='word_1_174' title='bbox 234 2443 519 2524; x_wconf 83' lang='lat' dir='ltr'><strong>Quemadmodum</strong></span> <span class='ocrx_word' id='word_1_175' title='bbox 553 2453 585 2512; x_wconf 91' lang='lat' dir='ltr'><strong>et</strong></span> <span class='ocrx_word' id='word_1_176' title='bbox 615 2444 648 2510; x_wconf 90' lang='lat' dir='ltr'><strong>in</strong></span> <span class='ocrx_word' id='word_1_177' title='bbox 671 2443 735 2510; x_wconf 88' lang='lat' dir='ltr'><strong>alio</strong></span> <span class='ocrx_word' id='word_1_178' title='bbox 753 2443 831 2518; x_wconf 81' lang='lat' dir='ltr'><strong>¹loco</strong></span> <span class='ocrx_word' id='word_1_179' title='bbox 878 2453 943 2514; x_wconf 91' lang='lat' dir='ltr'><strong>tem</strong></span> <span class='ocrx_word' id='word_1_180' title='bbox 966 2465 1069 2524; x_wconf 83' lang='lat' dir='ltr'><strong>orare,</strong></span> <span class='ocrx_word' id='word_1_181' title='bbox 1093 2444 1213 2515; x_wconf 82' lang='lat' dir='ltr'><strong>eterat</strong></span> <span class='ocrx_word' id='word_1_182' title='bbox 1235 2454 1427 2535; x_wconf 87' lang='lat' dir='ltr'><strong>pernoctans</strong></span> <span class='ocrx_word' id='word_1_183' title='bbox 1443 2445 1476 2512; x_wconf 88' lang='lat' dir='ltr'><strong>iu</strong></span> 
     </span>
     <span class='ocr_line' id='line_1_22' title="bbox 235 2531 1558 2621; baseline -0.001 -19"><span class='ocrx_word' id='word_1_184' title='bbox 235 2534 324 2605; x_wconf 89' lang='lat' dir='ltr'><strong>dicit:</strong></span> <span class='ocrx_word' id='word_1_185' title='bbox 348 2531 456 2605; x_wconf 73' lang='lat' dir='ltr'><strong>&#39;su-es</strong></span> <span class='ocrx_word' id='word_1_186' title='bbox 479 2535 636 2605; x_wconf 83' lang='lat' dir='ltr'><strong>Sacerdos</strong></span> <span class='ocrx_word' id='word_1_187' title='bbox 666 2536 699 2603; x_wconf 91' lang='lat' dir='ltr'><strong>in</strong></span> <span class='ocrx_word' id='word_1_188' title='bbox 729 2546 831 2604; x_wconf 84' lang='lat' dir='ltr'><strong>aeter·</strong></span> <span class='ocrx_word' id='word_1_189' title='bbox 878 2535 1022 2606; x_wconf 86' lang='lat' dir='ltr'><strong>oratioue</strong></span> <span class='ocrx_word' id='word_1_190' title='bbox 1046 2536 1114 2604; x_wconf 91' lang='lat' dir='ltr'><strong>Dei.</strong></span> <span class='ocrx_word' id='word_1_191' title='bbox 1281 2587 1310 2621; x_wconf 86' lang='lat'><strong>.·</strong></span> <span class='ocrx_word' id='word_1_192' title='bbox 1554 2607 1558 2613; x_wconf 63' lang='grc'><strong>,</strong></span> 
     </span>
     <span class='ocr_line' id='line_1_23' title="bbox 236 2608 1509 2715; baseline -0.01 -21"><span class='ocrx_word' id='word_1_193' title='bbox 236 2647 327 2695; x_wconf 92' lang='lat' dir='ltr'><strong>num·</strong></span> <span class='ocrx_word' id='word_1_194' title='bbox 340 2629 521 2699; x_wconf 88' lang='lat' dir='ltr'><strong>secundum</strong></span> <span class='ocrx_word' id='word_1_195' title='bbox 544 2629 687 2699; x_wconf 83' lang='lat' dir='ltr'><strong>ordinem</strong></span> <span class='ocrx_word' id='word_1_196' title='bbox 704 2629 832 2698; x_wconf 81' lang='lat' dir='ltr'><strong>Melcbi·</strong></span> <span class='ocrx_word' id='word_1_197' title='bbox 1040 2629 1189 2696; x_wconf 82' lang='lat' dir='ltr'><strong>Psutmus</strong></span> <span class='ocrx_word' id='word_1_198' title='bbox 1233 2608 1509 2715; x_wconf 49' lang='lat' dir='ltr'><strong>moialem-</strong></span> 
     </span>
     <span class='ocr_line' id='line_1_24' title="bbox 236 2720 1473 2808; baseline 0.001 -21"><span class='ocrx_word' id='word_1_199' title='bbox 236 2720 365 2808; x_wconf 84' lang='lat' dir='ltr'><strong>sedeeb.</strong></span> <span class='ocrx_word' id='word_1_200' title='bbox 382 2724 445 2802; x_wconf 86' lang='lat' dir='ltr'><strong>Qui</strong></span> <span class='ocrx_word' id='word_1_201' title='bbox 461 2725 494 2789; x_wconf 88' lang='lat' dir='ltr'><strong>in</strong></span> <span class='ocrx_word' id='word_1_202' title='bbox 509 2721 624 2790; x_wconf 88' lang='lat' dir='ltr'><strong>diebus</strong></span> <span class='ocrx_word' id='word_1_203' title='bbox 639 2722 830 2790; x_wconf 86' lang='lat' dir='ltr'><strong>carnissuae</strong></span> <span class='ocrx_word' id='word_1_204' title='bbox 886 2720 1017 2789; x_wconf 68' lang='lat' dir='ltr'><strong>,Levavi</strong></span> <span class='ocrx_word' id='word_1_205' title='bbox 1031 2723 1145 2789; x_wconf 88' lang='lat' dir='ltr'><strong>oculos</strong></span> <span class='ocrx_word' id='word_1_206' title='bbox 1162 2740 1253 2790; x_wconf 92' lang='lat' dir='ltr'><strong>meos</strong></span> <span class='ocrx_word' id='word_1_207' title='bbox 1276 2724 1309 2791; x_wconf 91' lang='lat' dir='ltr'><strong>in</strong></span> <span class='ocrx_word' id='word_1_208' title='bbox 1339 2730 1473 2806; x_wconf 85' lang='lat' dir='ltr'><strong>montes.</strong></span> 
     </span>
     <span class='ocr_line' id='line_1_25' title="bbox 235 2813 1474 2904; baseline 0.002 -26"><span class='ocrx_word' id='word_1_209' title='bbox 235 2832 361 2903; x_wconf 89' lang='lat' dir='ltr'><strong>preces,</strong></span> <span class='ocrx_word' id='word_1_210' title='bbox 369 2814 682 2904; x_wconf 81' lang='lat' dir='ltr'><strong>supplicationesque</strong></span> <span class='ocrx_word' id='word_1_211' title='bbox 690 2813 730 2879; x_wconf 86' lang='lat' dir='ltr'><strong>ad</strong></span> <span class='ocrx_word' id='word_1_212' title='bbox 743 2836 829 2896; x_wconf 79' lang='lat' dir='ltr'><strong>aum,</strong></span> <span class='ocrx_word' id='word_1_213' title='bbox 924 2814 1053 2904; x_wconf 75' lang='lat' dir='ltr'><strong>Antipb.</strong></span> <span class='ocrx_word' id='word_1_214' title='bbox 1092 2821 1210 2888; x_wconf 79' lang='lat' dir='ltr'><strong>Factus</strong></span> <span class='ocrx_word' id='word_1_215' title='bbox 1233 2826 1282 2884; x_wconf 86' lang='lat' dir='ltr'><strong>est</strong></span> <span class='ocrx_word' id='word_1_216' title='bbox 1309 2825 1417 2883; x_wconf 87' lang='lat' dir='ltr'><strong>autem</strong></span> <span class='ocrx_word' id='word_1_217' title='bbox 1440 2814 1474 2881; x_wconf 91' lang='lat' dir='ltr'><strong>in</strong></span> 
     </span>
     <span class='ocr_line' id='line_1_26' title="bbox 236 2903 1473 2994; baseline 0.002 -23"><span class='ocrx_word' id='word_1_218' title='bbox 236 2904 299 2994; x_wconf 78' lang='lat' dir='ltr'><strong>qui</strong></span> <span class='ocrx_word' id='word_1_219' title='bbox 321 2905 422 2994; x_wconf 78' lang='lat' dir='ltr'><strong>possit</strong></span> <span class='ocrx_word' id='word_1_220' title='bbox 446 2903 537 2970; x_wconf 88' lang='lat' dir='ltr'><strong>ilium</strong></span> <span class='ocrx_word' id='word_1_221' title='bbox 560 2903 685 2972; x_wconf 84' lang='lat' dir='ltr'><strong>salvum</strong></span> <span class='ocrx_word' id='word_1_222' title='bbox 721 2905 827 2974; x_wconf 85' lang='lat' dir='ltr'><strong>iacere</strong></span> <span class='ocrx_word' id='word_1_223' title='bbox 876 2905 938 2974; x_wconf 88' lang='lat' dir='ltr'><strong>iltis</strong></span> <span class='ocrx_word' id='word_1_224' title='bbox 965 2906 1092 2988; x_wconf 85' lang='lat' dir='ltr'><strong>diebus,</strong></span> <span class='ocrx_word' id='word_1_225' title='bbox 1119 2907 1194 2975; x_wconf 83' lang='lat' dir='ltr'><strong>exiit</strong></span> <span class='ocrx_word' id='word_1_226' title='bbox 1214 2907 1309 2976; x_wconf 84' lang='lat' dir='ltr'><strong>Jesus</strong></span> <span class='ocrx_word' id='word_1_227' title='bbox 1333 2909 1365 2974; x_wconf 92' lang='lat' dir='ltr'><strong>in</strong></span> <span class='ocrx_word' id='word_1_228' title='bbox 1381 2927 1473 2974; x_wconf 91' lang='lat' dir='ltr'><strong>mon-</strong></span> 
     </span>
     <span class='ocr_line' id='line_1_27' title="bbox 234 2994 1471 3089; baseline -0.001 -25"><span class='ocrx_word' id='word_1_229' title='bbox 234 3017 257 3063; x_wconf 89' lang='lat' dir='ltr'><strong>a</strong></span> <span class='ocrx_word' id='word_1_230' title='bbox 271 3005 386 3078; x_wconf 85' lang='lat' dir='ltr'><strong>morte,</strong></span> <span class='ocrx_word' id='word_1_231' title='bbox 403 3017 479 3064; x_wconf 90' lang='lat' dir='ltr'><strong>cum</strong></span> <span class='ocrx_word' id='word_1_232' title='bbox 495 2994 635 3064; x_wconf 83' lang='lat' dir='ltr'><strong>clamore</strong></span> <span class='ocrx_word' id='word_1_233' title='bbox 650 2994 767 3077; x_wconf 84' lang='lat' dir='ltr'><strong>valido,</strong></span> <span class='ocrx_word' id='word_1_234' title='bbox 794 3007 828 3064; x_wconf 89' lang='lat' dir='ltr'><strong>et</strong></span> <span class='ocrx_word' id='word_1_235' title='bbox 843 3041 845 3048; x_wconf 90' lang='lat'>·</span> <span class='ocrx_word' id='word_1_236' title='bbox 874 3005 940 3064; x_wconf 89' lang='lat' dir='ltr'><strong>tem</strong></span> <span class='ocrx_word' id='word_1_237' title='bbox 964 3017 1070 3076; x_wconf 89' lang='lat' dir='ltr'><strong>crare,</strong></span> <span class='ocrx_word' id='word_1_238' title='bbox 1094 3008 1127 3065; x_wconf 90' lang='lat' dir='ltr'><strong>et</strong></span> <span class='ocrx_word' id='word_1_239' title='bbox 1141 3009 1211 3066; x_wconf 89' lang='lat' dir='ltr'><strong>erat</strong></span> <span class='ocrx_word' id='word_1_240' title='bbox 1230 3011 1424 3089; x_wconf 82' lang='lat' dir='ltr'><strong>pernoctans</strong></span> <span class='ocrx_word' id='word_1_241' title='bbox 1438 2999 1471 3064; x_wconf 88' lang='lat' dir='ltr'><strong>in</strong></span> 
     </span>
     <span class='ocr_line' id='line_1_28' title="bbox 235 3087 1400 3180; baseline -0.003 -24"><span class='ocrx_word' id='word_1_242' title='bbox 235 3087 387 3180; x_wconf 74' lang='lat' dir='ltr'><strong>iacrymis</strong></span> <span class='ocrx_word' id='word_1_243' title='bbox 411 3087 558 3167; x_wconf 82' lang='lat' dir='ltr'><strong>offerens,</strong></span> <span class='ocrx_word' id='word_1_244' title='bbox 582 3087 751 3162; x_wconf 86' lang='lat' dir='ltr'><strong>exauditus</strong></span> <span class='ocrx_word' id='word_1_245' title='bbox 781 3095 831 3154; x_wconf 90' lang='lat' dir='ltr'><strong>est</strong></span> <span class='ocrx_word' id='word_1_246' title='bbox 876 3087 1021 3165; x_wconf 83' lang='lat' dir='ltr'><strong>oratione</strong></span> <span class='ocrx_word' id='word_1_247' title='bbox 1044 3088 1112 3155; x_wconf 89' lang='lat' dir='ltr'><strong>Dei.</strong></span> <span class='ocrx_word' id='word_1_248' title='bbox 1394 3141 1400 3152; x_wconf 86' lang='lat'><strong>.</strong></span> 
     </span>
     <span class='ocr_line' id='line_1_29' title="bbox 233 3178 1449 3272; baseline 0 -25"><span class='ocrx_word' id='word_1_249' title='bbox 233 3201 295 3272; x_wconf 91' lang='lat' dir='ltr'><strong>pro</strong></span> <span class='ocrx_word' id='word_1_250' title='bbox 317 3201 378 3250; x_wconf 90' lang='lat' dir='ltr'><strong>sua</strong></span> <span class='ocrx_word' id='word_1_251' title='bbox 405 3179 590 3256; x_wconf 78' lang='lat' dir='ltr'><strong>reverentia.</strong></span> <span class='ocrx_word' id='word_1_252' title='bbox 629 3181 669 3249; x_wconf 80' lang='lat' dir='ltr'><strong>Et</strong></span> <span class='ocrx_word' id='word_1_253' title='bbox 698 3178 831 3270; x_wconf 89' lang='lat' dir='ltr'><strong>quidem</strong></span> <span class='ocrx_word' id='word_1_254' title='bbox 921 3181 952 3250; x_wconf 72' lang='lat' dir='ltr'><strong>t.</strong></span> <span class='ocrx_word' id='word_1_255' title='bbox 977 3180 1069 3247; x_wconf 82' lang='lat' dir='ltr'><strong>Pater</strong></span> <span class='ocrx_word' id='word_1_256' title='bbox 1091 3179 1146 3262; x_wconf 87' lang='lat' dir='ltr'><strong>mi,</strong></span> <span class='ocrx_word' id='word_1_257' title='bbox 1169 3180 1199 3248; x_wconf 90' lang='lat' dir='ltr'><strong>si</strong></span> <span class='ocrx_word' id='word_1_258' title='bbox 1221 3178 1375 3272; x_wconf 83' lang='lat' dir='ltr'><strong>possibile</strong></span> <span class='ocrx_word' id='word_1_259' title='bbox 1391 3189 1449 3248; x_wconf 85' lang='lat' dir='ltr'><strong>est</strong></span> 
     </span>
     <span class='ocr_line' id='line_1_30' title="bbox 234 3271 1426 3350; baseline -0.001 -11"><span class='ocrx_word' id='word_1_260' title='bbox 234 3292 311 3340; x_wconf 91' lang='lat' dir='ltr'><strong>cum</strong></span> <span class='ocrx_word' id='word_1_261' title='bbox 334 3283 419 3344; x_wconf 87' lang='lat' dir='ltr'><strong>esset</strong></span> <span class='ocrx_word' id='word_1_262' title='bbox 444 3274 542 3343; x_wconf 82' lang='lat' dir='ltr'><strong>Filius</strong></span> <span class='ocrx_word' id='word_1_263' title='bbox 566 3275 623 3343; x_wconf 88' lang='lat' dir='ltr'><strong>Dei</strong></span> <span class='ocrx_word' id='word_1_264' title='bbox 647 3271 757 3342; x_wconf 81' lang='lat' dir='ltr'><strong>didicit</strong></span> <span class='ocrx_word' id='word_1_265' title='bbox 792 3293 832 3344; x_wconf 83' lang='lat' dir='ltr'><strong>ex</strong></span> <span class='ocrx_word' id='word_1_266' title='bbox 925 3281 958 3350; x_wconf 84' lang='lat' dir='ltr'><strong>rt.</strong></span> <span class='ocrx_word' id='word_1_267' title='bbox 982 3273 1134 3342; x_wconf 80' lang='lat' dir='ltr'><strong>Transeat</strong></span> <span class='ocrx_word' id='word_1_268' title='bbox 1149 3293 1170 3341; x_wconf 89' lang='lat' dir='ltr'><strong>a</strong></span> <span class='ocrx_word' id='word_1_269' title='bbox 1185 3295 1238 3342; x_wconf 89' lang='lat' dir='ltr'><strong>me</strong></span> <span class='ocrx_word' id='word_1_270' title='bbox 1252 3274 1335 3341; x_wconf 85' lang='lat' dir='ltr'><strong>culix</strong></span> <span class='ocrx_word' id='word_1_271' title='bbox 1358 3273 1426 3341; x_wconf 90' lang='lat' dir='ltr'><strong>iste.</strong></span> 
     </span>
     <span class='ocr_line' id='line_1_31' title="bbox 233 3364 1472 3460; baseline 0.002 -29"><span class='ocrx_word' id='word_1_272' title='bbox 233 3365 282 3447; x_wconf 88' lang='lat' dir='ltr'><strong>iis,</strong></span> <span class='ocrx_word' id='word_1_273' title='bbox 305 3387 391 3458; x_wconf 86' lang='lat' dir='ltr'><strong>quae</strong></span> <span class='ocrx_word' id='word_1_274' title='bbox 405 3387 521 3457; x_wconf 88' lang='lat' dir='ltr'><strong>passus</strong></span> <span class='ocrx_word' id='word_1_275' title='bbox 536 3377 595 3448; x_wconf 92' lang='lat' dir='ltr'><strong>est,</strong></span> <span class='ocrx_word' id='word_1_276' title='bbox 614 3365 834 3439; x_wconf 84' lang='lat' dir='ltr'><strong>obedientiam:</strong></span> <span class='ocrx_word' id='word_1_277' title='bbox 929 3365 977 3434; x_wconf 81' lang='lat' dir='ltr'><strong>Ex</strong></span> <span class='ocrx_word' id='word_1_278' title='bbox 1000 3367 1146 3434; x_wconf 81' lang='lat' dir='ltr'><strong>Tractatu</strong></span> <span class='ocrx_word' id='word_1_279' title='bbox 1176 3367 1283 3434; x_wconf 88' lang='lat' dir='ltr'><strong>Sancti</strong></span> <span class='ocrx_word' id='word_1_280' title='bbox 1322 3364 1472 3460; x_wconf 80' lang='lat' dir='ltr'><strong>Cypriani</strong></span> 
     </span>
     <span class='ocr_line' id='line_1_32' title="bbox 230 3457 1261 3553; baseline -0.002 -27"><span class='ocrx_word' id='word_1_281' title='bbox 230 3467 265 3526; x_wconf 83' lang='lat' dir='ltr'><strong>et</strong></span> <span class='ocrx_word' id='word_1_282' title='bbox 288 3469 542 3540; x_wconf 71' lang='lat' dir='ltr'><strong>consummatus,</strong></span> <span class='ocrx_word' id='word_1_283' title='bbox 556 3462 668 3527; x_wconf 80' lang='lat' dir='ltr'><strong>tactus</strong></span> <span class='ocrx_word' id='word_1_284' title='bbox 690 3469 739 3528; x_wconf 90' lang='lat' dir='ltr'><strong>est</strong></span> <span class='ocrx_word' id='word_1_285' title='bbox 762 3478 832 3524; x_wconf 91' lang='lat' dir='ltr'><strong>om·</strong></span> <span class='ocrx_word' id='word_1_286' title='bbox 877 3457 1027 3550; x_wconf 78' lang='lat' dir='ltr'><strong>Episcopi</strong></span> <span class='ocrx_word' id='word_1_287' title='bbox 1051 3469 1083 3525; x_wconf 83' lang='lat' dir='ltr'><strong>et</strong></span> <span class='ocrx_word' id='word_1_288' title='bbox 1106 3458 1261 3553; x_wconf 76' lang='lat' dir='ltr'><strong>Martyris.</strong></span> 
     </span>
     <span class='ocr_line' id='line_1_33' title="bbox 232 3548 1424 3644; baseline -0.003 -27"><span class='ocrx_word' id='word_1_289' title='bbox 232 3549 329 3618; x_wconf 88' lang='lat' dir='ltr'><strong>uibus</strong></span> <span class='ocrx_word' id='word_1_290' title='bbox 344 3549 642 3644; x_wconf 87' lang='lat' dir='ltr'><strong>obtemperantibus</strong></span> <span class='ocrx_word' id='word_1_291' title='bbox 664 3548 729 3618; x_wconf 90' lang='lat' dir='ltr'><strong>sibi</strong></span> <span class='ocrx_word' id='word_1_292' title='bbox 748 3571 826 3618; x_wconf 88' lang='lat' dir='ltr'><strong>cau·</strong></span> <span class='ocrx_word' id='word_1_293' title='bbox 965 3553 1014 3618; x_wconf 86' lang='lat' dir='ltr'><strong>De</strong></span> <span class='ocrx_word' id='word_1_294' title='bbox 1041 3548 1190 3619; x_wconf 84' lang='lat' dir='ltr'><strong>Oratione</strong></span> <span class='ocrx_word' id='word_1_295' title='bbox 1208 3549 1379 3621; x_wconf 76' lang='lat' dir='ltr'><strong>Dominieo</strong></span> <span class='ocrx_word' id='word_1_296' title='bbox 1420 3609 1424 3614; x_wconf 88' lang='lat'>.</span> 
     </span>
    </p>
   </div>
   <div class='ocr_carea' id='block_1_3' title="bbox 229 3643 1290 3805">
    <p class='ocr_par' dir='ltr' id='par_1_3' title="bbox 229 3643 1290 3805">
     <span class='ocr_line' id='line_1_34' title="bbox 229 3643 1290 3801; baseline 0.001 -90"><span class='ocrx_word' id='word_1_297' title='bbox 229 3662 270 3711; x_wconf 80' lang='lat' dir='ltr'><strong>sa</strong></span> <span class='ocrx_word' id='word_1_298' title='bbox 292 3643 403 3714; x_wconf 88' lang='lat' dir='ltr'><strong>salutis</strong></span> <span class='ocrx_word' id='word_1_299' title='bbox 426 3652 583 3727; x_wconf 83' lang='lat' dir='ltr'><strong>aeternae,</strong></span> <span class='ocrx_word' id='word_1_300' title='bbox 607 3643 826 3734; x_wconf 74' lang='lat' dir='ltr'><strong>appeliatuso</strong></span> <span class='ocrx_word' id='word_1_301' title='bbox 875 3688 931 3795; x_wconf 74' lang='grc' dir='ltr'><em>Ν</em></span> <span class='ocrx_word' id='word_1_302' title='bbox 1051 3644 1178 3801; x_wconf 78' lang='lat' dir='ltr'><strong>bdect.</strong></span> <span class='ocrx_word' id='word_1_303' title='bbox 1202 3663 1244 3711; x_wconf 88' lang='lat' dir='ltr'><strong>rr.</strong></span> <span class='ocrx_word' id='word_1_304' title='bbox 1286 3694 1290 3700; x_wconf 71' lang='lat'><strong>·</strong></span> 
     </span>
     <span class='ocr_line' id='line_1_35' title="bbox 811 3753 1051 3805; baseline -0.008 -2"><span class='ocrx_word' id='word_1_305' title='bbox 811 3771 826 3786; x_wconf 91' lang='lat'>-</span> <span class='ocrx_word' id='word_1_306' title='bbox 932 3753 970 3803; x_wconf 86' lang='lat' dir='ltr'><strong>ec</strong></span> <span class='ocrx_word' id='word_1_307' title='bbox 993 3757 1051 3805; x_wconf 90' lang='lat' dir='ltr'><strong>ver</strong></span> 
     </span>
    </p>
   </div>
   <div class='ocr_carea' id='block_1_4' title="bbox 209 3733 1471 4298">
    <p class='ocr_par' dir='ltr' id='par_1_4' title="bbox 209 3733 1471 4298">
     <span class='ocr_line' id='line_1_36' title="bbox 232 3733 1471 3828; baseline -0.002 -28"><span class='ocrx_word' id='word_1_308' title='bbox 232 3733 302 3802; x_wconf 89' lang='lat' dir='ltr'><strong>Dec</strong></span> <span class='ocrx_word' id='word_1_309' title='bbox 325 3737 471 3805; x_wconf 75' lang='lat' dir='ltr'><strong>Pontifex</strong></span> <span class='ocrx_word' id='word_1_310' title='bbox 480 3737 574 3828; x_wconf 82' lang='lat' dir='ltr'><strong>juxto</strong></span> <span class='ocrx_word' id='word_1_311' title='bbox 588 3736 733 3808; x_wconf 81' lang='lat' dir='ltr'><strong>ordinem</strong></span> <span class='ocrx_word' id='word_1_312' title='bbox 749 3734 809 3804; x_wconf 80' lang='lat' dir='ltr'><strong>Mel</strong></span> <span class='ocrx_word' id='word_1_313' title='bbox 1074 3734 1100 3802; x_wconf 86' lang='lat' dir='ltr'><strong>is</strong></span> <span class='ocrx_word' id='word_1_314' title='bbox 1125 3745 1259 3820; x_wconf 83' lang='lat' dir='ltr'><strong>tantum,</strong></span> <span class='ocrx_word' id='word_1_315' title='bbox 1286 3734 1344 3806; x_wconf 86' lang='lat' dir='ltr'><strong>sed</strong></span> <span class='ocrx_word' id='word_1_316' title='bbox 1367 3746 1401 3823; x_wconf 82' lang='lat' dir='ltr'><strong>et</strong></span> <span class='ocrx_word' id='word_1_317' title='bbox 1423 3738 1471 3808; x_wconf 48' lang='lat' dir='ltr'><strong>tat</strong></span> 
     </span>
     <span class='ocr_line' id='line_1_37' title="bbox 231 3824 1467 3910; baseline 0.002 -16"><span class='ocrx_word' id='word_1_318' title='bbox 231 3824 414 3900; x_wconf 75' lang='lat' dir='ltr'><strong>chisedeon</strong></span> <span class='ocrx_word' id='word_1_319' title='bbox 871 3826 930 3895; x_wconf 84' lang='lat' dir='ltr'><strong>ctis</strong></span> <span class='ocrx_word' id='word_1_320' title='bbox 955 3827 1110 3895; x_wconf 82' lang='lat' dir='ltr'><strong>Dominus</strong></span> <span class='ocrx_word' id='word_1_321' title='bbox 1133 3847 1226 3897; x_wconf 82' lang='lat' dir='ltr'><strong>orare</strong></span> <span class='ocrx_word' id='word_1_322' title='bbox 1247 3850 1309 3898; x_wconf 91' lang='lat' dir='ltr'><strong>nos</strong></span> <span class='ocrx_word' id='word_1_323' title='bbox 1347 3829 1467 3910; x_wconf 79' lang='lat' dir='ltr'><strong>docuit,</strong></span> 
     </span>
     <span class='ocr_line' id='line_1_38' title="bbox 280 3917 1468 4012; baseline 0.004 -27"><span class='ocrx_word' id='word_1_324' title='bbox 280 3921 314 3996; x_wconf 74' lang='lat' dir='ltr'><strong>d,</strong></span> <span class='ocrx_word' id='word_1_325' title='bbox 337 3919 507 3990; x_wconf 68' lang='lat' dir='ltr'><strong>Exaudivit</strong></span> <span class='ocrx_word' id='word_1_326' title='bbox 528 3920 685 3990; x_wconf 78' lang='lat' dir='ltr'><strong>Dominus</strong></span> <span class='ocrx_word' id='word_1_327' title='bbox 714 3917 829 4012; x_wconf 86' lang='lat' dir='ltr'><strong>dopre-</strong></span> <span class='ocrx_word' id='word_1_328' title='bbox 875 3918 944 4012; x_wconf 89' lang='lat' dir='ltr'><strong>ipse</strong></span> <span class='ocrx_word' id='word_1_329' title='bbox 966 3939 1062 3988; x_wconf 89' lang='lat' dir='ltr'><strong>orans</strong></span> <span class='ocrx_word' id='word_1_330' title='bbox 1086 3920 1280 4010; x_wconf 84' lang='lat' dir='ltr'><strong>frequenter,</strong></span> <span class='ocrx_word' id='word_1_331' title='bbox 1304 3932 1337 3991; x_wconf 92' lang='lat' dir='ltr'><strong>et</strong></span> <span class='ocrx_word' id='word_1_332' title='bbox 1354 3922 1468 4012; x_wconf 87' lang='lat' dir='ltr'><strong>depre-</strong></span> 
     </span>
     <span class='ocr_line' id='line_1_39' title="bbox 209 4010 1466 4106; baseline 0.007 -34"><span class='ocrx_word' id='word_1_333' title='bbox 209 4010 391 4080; x_wconf 85' lang='lat' dir='ltr'><strong>¹cntionem</strong></span> <span class='ocrx_word' id='word_1_334' title='bbox 414 4011 552 4084; x_wconf 76' lang='lat' dir='ltr'><strong>meam*</strong></span> <span class='ocrx_word' id='word_1_335' title='bbox 569 4012 725 4084; x_wconf 86' lang='lat' dir='ltr'><strong>Dominus</strong></span> <span class='ocrx_word' id='word_1_336' title='bbox 754 4031 826 4100; x_wconf 87' lang='lat' dir='ltr'><strong>ora·</strong></span> <span class='ocrx_word' id='word_1_337' title='bbox 872 4032 960 4095; x_wconf 87' lang='lat' dir='ltr'><strong>cans,</strong></span> <span class='ocrx_word' id='word_1_338' title='bbox 984 4011 1119 4103; x_wconf 91' lang='lat' dir='ltr'><strong>etquid</strong></span> <span class='ocrx_word' id='word_1_339' title='bbox 1142 4013 1248 4085; x_wconf 85' lang='lat' dir='ltr'><strong>facere</strong></span> <span class='ocrx_word' id='word_1_340' title='bbox 1263 4036 1324 4085; x_wconf 87' lang='lat' dir='ltr'><strong>nos</strong></span> <span class='ocrx_word' id='word_1_341' title='bbox 1338 4023 1466 4106; x_wconf 89' lang='lat' dir='ltr'><strong>oporte·</strong></span> 
     </span>
     <span class='ocr_line' id='line_1_40' title="bbox 235 4101 1468 4200; baseline 0.002 -28"><span class='ocrx_word' id='word_1_342' title='bbox 235 4103 353 4174; x_wconf 84' lang='lat' dir='ltr'><strong>tionem</strong></span> <span class='ocrx_word' id='word_1_343' title='bbox 377 4123 482 4172; x_wconf 78' lang='lat' dir='ltr'><strong>meam</strong></span> <span class='ocrx_word' id='word_1_344' title='bbox 505 4107 656 4200; x_wconf 84' lang='lat' dir='ltr'><strong>suscepit.</strong></span> <span class='ocrx_word' id='word_1_345' title='bbox 877 4115 928 4174; x_wconf 80' lang='lat' dir='ltr'><strong>ret</strong></span> <span class='ocrx_word' id='word_1_346' title='bbox 949 4104 1085 4198; x_wconf 86' lang='lat' dir='ltr'><strong>exempli</strong></span> <span class='ocrx_word' id='word_1_347' title='bbox 1103 4105 1154 4174; x_wconf 85' lang='lat' dir='ltr'><strong>sui</strong></span> <span class='ocrx_word' id='word_1_348' title='bbox 1170 4105 1400 4178; x_wconf 82' lang='lat' dir='ltr'><strong>contestatione</strong></span> <span class='ocrx_word' id='word_1_349' title='bbox 1410 4101 1468 4174; x_wconf 90' lang='lat' dir='ltr'><strong>de·</strong></span> 
     </span>
     <span class='ocr_line' id='line_1_41' title="bbox 278 4195 1464 4298; baseline -0.003 -31"><span class='ocrx_word' id='word_1_350' title='bbox 278 4197 308 4267; x_wconf 84' lang='lat' dir='ltr'><strong>t.</strong></span> <span class='ocrx_word' id='word_1_351' title='bbox 333 4195 473 4268; x_wconf 81' lang='lat' dir='ltr'><strong>Ciamnvi</strong></span> <span class='ocrx_word' id='word_1_352' title='bbox 497 4198 529 4270; x_wconf 90' lang='lat' dir='ltr'><strong>in</strong></span> <span class='ocrx_word' id='word_1_353' title='bbox 545 4210 612 4275; x_wconf 88' lang='lat' dir='ltr'><strong>toto</strong></span> <span class='ocrx_word' id='word_1_354' title='bbox 629 4197 727 4276; x_wconf 87' lang='lat' dir='ltr'><strong>corde</strong></span> <span class='ocrx_word' id='word_1_355' title='bbox 742 4219 825 4284; x_wconf 83' lang='lat' dir='ltr'><strong>meo,</strong></span> <span class='ocrx_word' id='word_1_356' title='bbox 872 4208 1063 4284; x_wconf 85' lang='lat' dir='ltr'><strong>monstrans,</strong></span> <span class='ocrx_word' id='word_1_357' title='bbox 1102 4198 1187 4274; x_wconf 87' lang='lat' dir='ltr'><strong>sieut</strong></span> <span class='ocrx_word' id='word_1_358' title='bbox 1223 4202 1378 4298; x_wconf 82' lang='lat' dir='ltr'><strong>scriptum</strong></span> <span class='ocrx_word' id='word_1_359' title='bbox 1407 4208 1464 4268; x_wconf 85' lang='lat' dir='ltr'><strong>est:</strong></span> 
     </span>
    </p>
   </div>
   <div class='ocr_carea' id='block_1_5' title="bbox 0 0 1796 5034">
    <p class='ocr_par' dir='ltr' id='par_1_5' title="bbox 0 0 1796 5034">
     <span class='ocr_line' id='line_1_42' title="bbox 0 0 1796 5034; baseline 0 7"><span class='ocrx_word' id='word_1_360' title='bbox 0 0 1796 5034; x_wconf 95' lang='lat' dir='ltr'><strong> </strong></span> 
     </span>
    </p>
   </div>
  </div>
 </body>
</html>
