3584 5034
296 687 300 698 .
327 635 371 703 ts
750 623 877 704 susm
904 637 1121 706 vanavana

325 757 378 814 tur
399 745 549 823 Ecclesia,
574 769 658 838 quae
697 745 909 818 diversitatem
957 747 1175 830 maledicebat
1199 769 1274 817 eum
1293 758 1463 840 pataretur‚
1482 772 1549 820 non

324 839 516 932 populorum
534 837 609 910 fidei
626 843 914 912 suaecommunio-
960 841 1222 909 comminabatur.
1246 845 1308 924 Qui
1332 856 1509 934 peccatum.

325 955 367 1000 ne
390 934 530 1000 sociavit.
1009 934 1117 1002 Gloria
1142 937 1231 1002 Patri.
1256 936 1329 1017 Qui.

336 1023 353 1082 s
371 1032 403 1107 nl.
429 1027 581 1095 Tulerunt
622 1029 758 1098 tunicam
792 1027 911 1119 loseph
1074 1029 1117 1094 ΙΝ
1134 1030 1190 1094 Ill.
1210 1029 1451 1099 NOCTURNO·

323 1119 436 1206 iratres
447 1123 526 1208 ejus,
539 1131 570 1189 et
586 1123 619 1188 in
635 1126 788 1213 sanguine
806 1121 913 1202 hoedi,
1008 1120 1132 1211 Aritiplv.
1158 1123 1239 1190 Caro
1262 1145 1334 1190 mea
1372 1123 1552 1213 requiescet
1625 1115 1630 1128 ’

323 1233 421 1301 quem
451 1213 647 1298 occiderunt,
662 1220 822 1284 tinxerunt
838 1217 910 1282 mit·
958 1213 990 1280 in
1013 1235 1081 1304 spe,
1107 1216 1183 1304 quia
1206 1238 1270 1283 non
1295 1214 1386 1282 dabis
1402 1227 1550 1284 sanctum

324 1315 425 1372 tentes
448 1308 506 1396 qui
531 1308 625 1376 ferret
648 1310 688 1375 ad
711 1319 849 1400 patrem,
878 1318 910 1376 et
958 1315 1050 1373 tuum
1075 1307 1183 1377 videre
1206 1311 1455 1400 corruptionem.
1487 1317 1491 1322 ’

323 1397 451 1478 diceret
477 1401 595 1466 *lianc
610 1401 799 1480 invenimus,
824 1400 906 1480 vide,
1004 1400 1122 1468 Psalm.
1149 1405 1202 1470 53.
1228 1405 1314 1471 Deus
1354 1403 1385 1469 io
1423 1402 1550 1472 nomine

323 1513 400 1558 num
417 1493 525 1560 tunica
547 1493 603 1560 filii
628 1496 740 1574 misit,
764 1517 804 1561 an
824 1493 913 1562 non?
960 1504 1028 1560 tuo.
1503 1555 1508 1561 .

371 1591 400 1656 vl.
425 1588 530 1665 Quam
554 1609 628 1655 eum
653 1590 833 1678 agnovisset
859 1609 916 1677 pa·
1012 1584 1135 1677 Antriilv.
1168 1588 1356 1657 Convertisti
1387 1588 1553 1678 planctum

324 1688 381 1758 tor,
406 1679 458 1759 ait;
483 1681 589 1747 tunica
614 1680 668 1746 lilii
693 1682 753 1749 mei
783 1689 841 1761 est,
866 1681 912 1758 le·
957 1701 1065 1746 meum
1091 1681 1300 1768 ingaudium
1324 1681 1409 1747 mihi:
1426 1684 1552 1748 consci-

323 1793 359 1837 ra
382 1773 520 1862 pessima
542 1773 706 1843 devoravit
721 1797 805 1843 eum.
822 1775 911 1841 Hane
957 1771 1028 1838 disti
1053 1791 1184 1838 saccum
1209 1796 1331 1855 meum,
1357 1784 1389 1841 et
1412 1775 1552 1842 circum-

326 1865 514 1934 iovenimus.
848 1907 850 1910 -
965 1863 1078 1933 dedisti
1103 1887 1155 1935 me
1170 1864 1294 1934 laetitia.

541 1961 621 2030 Lect.
653 1983 695 2029 vr.
1156 1960 1275 2026 Psalm.
1300 1960 1354 2026 75.

325 2002 455 2126 Hunc
478 2053 730 2144 losephjustum
747 2054 850 2121 Lucas
866 2051 914 2119 di·
1007 2051 1110 2119 Notos
1134 2050 1166 2116 in
1192 2051 1314 2121 Judaea
1337 2054 1433 2120 Deus:

324 2143 386 2224 xit„
405 2145 577 2214 Matthaeus
600 2147 739 2226 divitem;
764 2156 796 2213 et
820 2147 914 2213 meri·
1008 2144 1133 2235 Antiplv.
1158 2147 1274 2225 Factus
1298 2167 1371 2214 sum
1395 2147 1479 2213 sieut
1494 2143 1553 2211 ho-

326 2247 358 2303 to
381 2235 484 2305 dives*
513 2238 574 2306 hoe
597 2240 670 2306 loco
692 2239 830 2318 dicitur,
855 2237 913 2306 ubi
961 2258 1014 2305 mo
1038 2239 1107 2306 sine
1129 2238 1288 2328 adjutorio
1305 2240 1384 2309 iuter
1407 2249 1553 2307 mortuos
1662 2268 1663 2311 v

325 2349 444 2420 corpus
455 2332 587 2422 suscipit
602 2331 726 2413 Christi;
738 2332 914 2423 suscipien·
960 2330 1050 2400 liber.
1171 2365 1175 2372 ·

325 2419 368 2488 do
391 2423 476 2490 enim
499 2423 656 2506 divitem,
681 2427 812 2494 nescivit
836 2425 913 2492 lidei
1008 2407 1126 2494 Psalle
1152 2427 1206 2494 87.
1231 2425 1364 2495 Domine
1387 2426 1474 2492 Deus
1496 2447 1548 2494 sa·
1662 2442 1663 2461 ¹

324 2525 552 2608 paupertatem.
579 2519 671 2588 Dives
695 2529 744 2588 est
754 2541 841 2608 ergo,
857 2520 914 2609 qui
960 2518 1036 2586 lutis
1059 2539 1157 2585 meae.

320 2610 430 2698 justus
453 2620 511 2691 est,
522 2613 630 2702 justus
643 2613 738 2703 igitur
771 2611 912 2682 sindone
1004 2612 1034 2679 vl.
1059 2611 1172 2697 Omnis
1195 2622 1278 2679 terra
1315 2610 1428 2679 adoret
1452 2619 1492 2692 te,
1517 2619 1549 2677 et

326 2705 468 2785 involvit;
486 2706 628 2775 Israelita
650 2728 728 2776 vero
756 2717 788 2776 et
810 2706 916 2774 diver·
962 2703 1079 2795 psallat
1101 2703 1166 2771 tibi.

324 2818 379 2864 sos
402 2799 513 2867 miscet
537 2801 687 2869 virtutum
718 2787 860 2880 crimes,
885 2810 918 2866 et
1010 2803 1041 2879 rt.
1069 2798 1227 2865 Psalmum
1252 2797 1340 2867 dicat
1362 2797 1551 2866 nominituo

323 2891 411 2958 aloes
434 2892 527 2958 mittit
550 2895 641 2981 quasi
659 2892 755 2961 libras
771 2901 913 2974 centum,
961 2892 1105 2960 Domine.

324 2982 387 3050 hoe
410 2994 458 3051 est
482 2985 640 3074 perlectae
663 2985 736 3054 lidei
757 2988 916 3077 quantita-
1009 2985 1115 3053 Lectio
1140 2986 1239 3053 sancti
1255 2986 1417 3077 Evangelii
1437 3007 1552 3054 secun·
1661 2998 1662 3013 ¹

325 3087 399 3144 tem.
424 3073 462 3142 Et
485 3076 663 3164 ligaverunt
686 3097 804 3170 corpus
835 3083 912 3148 lesu
959 3075 1217 3145 dum-Marcum.

281 3247 284 3256 ²
320 3169 412 3258 juxta
447 3170 712 3238 consuetudinem
741 3171 912 3263 specialem
1067 3173 1149 3238 Ecct.
1174 3192 1228 3238 vn.
1325 3175 1400 3258 Cup.
1429 3171 1480 3234 ts.

324 3261 520 3330 ludaeorum
540 3283 637 3344 ‚Anon
676 3267 788 3355 utique
817 3263 911 3333 nodis
961 3223 1017 3333 En
1043 3263 1096 3330 illo
1122 3273 1264 3355 tempore
1287 3261 1368 3329 Cum
1387 3265 1453 3352 jam
1478 3281 1553 3329 sero

325 3354 503 3445 perfidiae,
528 3356 585 3425 sed
610 3356 684 3426 fidei
702 3357 859 3450 ¹ligaturis3
883 3369 915 3428 et
961 3361 1080 3430 lactum
1104 3367 1198 3437 esset,
1222 3358 1300 3446 cruia
1317 3366 1385 3422 erat
1405 3358 1553 3421 Parasce·
1660 3358 1661 3425 3

325 3449 668 3540 posueruntinlrorto‚
686 3453 737 3520 cui
763 3453 914 3542 frequen·
960 3475 1026 3532 ve,
1051 3449 1139 3539 quod
1180 3461 1228 3517 est
1257 3459 1330 3516 ante
1367 3447 1552 3529 sabbatum,

325 3553 373 3609 ter
397 3543 538 3612 Ecclesia
578 3555 806 3636 comparatur,
830 3566 915 3634 quae
960 3535 1047 3614 vonit
1070 3542 1189 3632 loseph
1212 3543 1253 3609 ab
1279 3542 1478 3610 Arimathaea
1496 3564 1554 3609 no-

326 3634 526 3705 diversorum
550 3637 644 3706 habet
669 3639 916 3726 pomamerito-
962 3638 1033 3706 bilis
1058 3634 1215 3718 decurio,
1240 3637 1296 3728 qui
1322 3645 1355 3705 et
1395 3639 1463 3728 ipse
1485 3645 1553 3704 erat

328 3751 412 3810 rum,
437 3728 597 3822 lloresque
621 3734 784 3800 virtutum.
962 3737 1133 3820 expectans
1157 3753 1291 3820 regnum
1314 3730 1381 3798 Dei.
1416 3732 1456 3797 Et
1480 3730 1555 3797 reli·

375 3825 408 3900 tl.
432 3823 575 3892 Christus
591 3846 705 3914 passus
721 3834 769 3892 est
785 3842 843 3912 pro
860 3841 919 3889 no·
967 3843 1041 3914 qua.
1067 3823 1202 3892 llomilia
1225 3824 1417 3912 venerabilis
1451 3821 1554 3892 Bedao

327 3914 388 3997 bis,
413 3915 505 3986 vobis
523 3917 703 4006 relinquens
724 3916 918 4008 exemplum,
966 3917 1156 4010 Presbyteri.

329 4022 367 4076 nt
389 4009 577 4100 sequamini·
607 4011 736 4098 vestigia
775 4011 870 4100 ejus,
894 4008 918 4052 ³¹⁶
1104 4014 1141 4080 la
1165 4013 1286 4102 Erana.
1315 4014 1414 4081 More.

329 4104 394 4184 Qui
416 4114 581 4193 peecatum
605 4124 670 4174 non
686 4104 768 4187 lecit,
793 4125 852 4175 nee
869 4104 917 4172 in·
966 4057 1154 4174 Parascev

329 4206 445 4263 ventus
466 4209 516 4284 est
539 4196 633 4266 dolus
658 4199 689 4265 in
712 4219 768 4269 ore
790 4199 869 4290 ejus.
964 4199 1086 4292 paratio
1110 4199 1236 4281 dicitur,
1261 4195 1480 4290 quonomioo
1496 4196 1554 4262 lu·

374 4295 404 4363 vl·
418 4289 480 4370 Qui
495 4310 570 4360 cum
582 4289 833 4377 malediceretur,
850 4314 918 4364 non
964 4293 1045 4375 daei,
1070 4295 1125 4384 qui
1151 4293 1238 4362 inter.
1271 4292 1410 4362 Graecos
1449 4309 1557 4358 mora..

1155 4128 1174 4173 e
1195 4127 1321 4195 graece,
1345 4105 1438 4170 latine
1461 4122 1554 4192 prae·
1658 4174 1659 4187 χ
