3584 5034
321 570 365 639 ⁷2
503 541 571 610 Ψ
773 567 1080 656 reseremus

320 678 536 767 deindeiltud,
552 678 613 765 die,
631 678 907 771 queaimmediatp
953 682 985 750 iu
1008 681 1123 750 teneris
1145 680 1236 760 aunis
1257 676 1451 772 stupendum
1468 701 1538 751 sae·

319 774 526 865 subsequitur
546 794 605 865 pro
628 776 696 863 ejus
726 772 907 858 recitatione
953 773 1034 845 culis
1056 777 1210 868 virtutum
1244 778 1385 842 omnium
1423 794 1539 844 mouu-

296 868 351 955 'iu
374 864 536 959 posterum
559 870 726 957 assignata,
750 866 791 937 ad
813 870 904 965 'uui-
949 877 1090 950 meutpm
1106 866 1282 943 extiterit?
1344 898 1349 903 ·
1486 875 1487 882 ’

318 962 446 1041 versum
462 960 904 1051 praedictumOrdinemsub
957 965 1029 1040 ui.
1053 961 1140 1031 Felix
1164 980 1303 1051 namque
1325 980 1370 1031 es.
1413 990 1417 998 ·

320 1053 543 1145 ritu'dupiicis¹
563 1056 691 1144 majoris
714 1054 877 1135 extendit..
981 1101 984 1106 >
1116 1127 1120 1131 Α
1167 1056 1261 1123 .Lect.
1290 1074 1357 1122 rur.
1452 1091 1472 1106 0
1512 1102 1516 1109 ι

323 1148 573 1233 ¹,thomatem
599 1146 777 1231 monilibus.
814 1220 817 1231 ,
954 1099 1075 1231 llaec
1098 1147 1173 1215 mihi
1198 1146 1370 1229 haesitanti,
1396 1168 1456 1215 cur
1484 1146 1538 1216 ·de

435 1241 478 1317 IN
490 1242 545 1307 111.
563 1242 793 1323 NOCTURNO.
813 1320 815 1325 Ι
921 1324 924 1330 ¹
952 1242 1080 1320 actibus
1096 1241 1241 1329 Virginis,
1258 1242 1340 1309 sicut
1356 1240 1397 1309 de
1419 1239 1542 1309 actibus

320 1394 326 1401 .
485 1372 489 1391 t
539 1337 621 1411 Lect.
646 1355 699 1419 ru,
954 1336 1046 1409 Pauli
1071 1355 1134 1404 non
1158 1345 1206 1403 est
1229 1337 1424 1425 compositus
1453 1332 1541 1403 iiber.

318 1469 320 1471 -
366 1424 473 1509 Lectio
497 1426 531 1509 S,
552 1427 711 1517 Evangelii
729 1423 908 1495 secundum
956 1428 1034 1496 nihii
1058 1425 1144 1496 aliud
1185 1426 1355 1519 occurrit(
1393 1446 1544 1496 accusare

321 1518 521 1587 Matthaeum.
551 1594 554 1601 ,
827 1598 830 1603 ,
953 1522 1040 1589 enim
1075 1518 1290 1609 Evangeiistas
1330 1521 1544 1609 negligentiae,

504 1688 505 1693 ,
556 1614 658 1702 Cupit.
680 1635 700 1681 r.
890 1682 895 1695 ,
955 1615 1040 1682 sicut
1063 1614 1205 1705 impium,
1229 1614 1280 1693 ita,
1298 1624 1330 1699 et
1346 1614 1546 1681 temerarium

319 1662 444 1786 Liber
458 1707 666 1794 generationis
682 1710 757 1779 Jesu
772 1704 907 1789 ,Christi
949 1705 1071 1797 judico)
1089 1728 1186 1796 quam
1210 1706 1253 1772 ita
1275 1706 1432 1797 placuisse
1448 1706 1547 1797 Spiri-

320 1802 388 1868 Filii
402 1798 513 1881 David,
528 1800 600 1866 Fiiii
619 1800 786 1881 Abraham.
808 1800 910 1869 Abra·
955 1801 1004 1867 tui
1026 1800 1152 1879 Sancto,
1184 1798 1318 1888 ejusque
1346 1798 1547 1888 providentia
1645 1843 1654 1855 ·

208 1956 211 1969 ,
318 1894 391 1961 ham
416 1895 526 1981 genuit
549 1894 638 1961 Isaac
651 1946 664 1975 ,
684 1896 772 1967 Isaac
802 1905 911 1963 autem
955 1890 1170 1979 Evangeiistas
1202 1890 1336 1971 siluisse,
1377 1900 1547 1979 propterea

317 1980 560 2077 genuitdacob.
585 1987 623 2055 Et
645 1987 776 2077 reliqua.
957 1986 1034 2074 quia
1071 1982 1206 2071 Virginis
1243 1982 1353 2073 gioria,
1391 1982 1475 2049 sicut
1511 1982 1545 2051 in

344 2077 480 2149 Homiiia
503 2080 538 2147 S.‘
559 2079 696 2148 Thomas
725 2077 882 2167 Episcopi.
952 2076 1081 2169 psalmis
1104 2075 1229 2165 legitur,
1247 2077 1350 2143 omnis
1366 2075 1449 2142 intus
1464 2087 1543 2157 erat,

464 2176 502 2241 In
528 2175 618 2243 Cone.
645 2174 674 2237 2.
699 2172 770 2241 Not.
796 2173 834 2237 B.
863 2170 909 2239 M.
956 2181 988 2239 et
1010 2170 1110 2258 magis
1133 2170 1263 2258 cogitari
1286 2179 1418 2263 poterat,
1446 2190 1545 2260 quam

320 2215 501 2355 Cogitanti
510 2263 596 2344 mihi,
623 2262 724 2331 acdiu
743 2261 908 2331 haesitanti
956 2263 1103 2347 describi,
1129 2263 1310 2355 sufficitque
1334 2262 1375 2331 ad
1390 2263 1459 2351 ejus
1477 2262 1544 2353 pie·

320 2359 397 2450 quid
414 2378 528 2425 causae
542 2358 593 2436 sit,
612 2354 701 2445 quod
716 2374 789 2424 cum
803 2357 906 2426 Evau-
953 2378 1027 2426 uam
1044 2357 1217 2439 historiam,
1236 2355 1366 2448 quiade
1382 2356 1434 2423 iiia
1450 2368 1544 2425 natus

319 2452 448 2541 gelistae
471 2446 511 2529 dc
533 2450 653 2519 ioanne
691 2451 838 2539 Baptista,
854 2491 857 2498 -
874 2461 907 2519 at
952 2454 1112 2519 estiesus.
1127 2451 1210 2533 Quid
1229 2449 1365 2539 amplius
1381 2446 1543 2538 quaeris?

319 2540 560 2631 aiiis'Apostoiis
577 2552 641 2619 tam
658 2542 789 2631 longum
801 2543 906 2613 iacere
952 2544 1037 2625 Quid
1064 2544 1147 2611 nitra
1169 2542 1306 2631 requiris
1330 2542 1361 2607 in
1386 2539 1543 2629 Virgine?

319 2633 545 2717 tractatum;de
556 2636 682 2726 Virgine
698 2637 808 2719 Maria,
823 2657 909 2728 quae
955 2634 1078 2705 Sufficit
1100 2634 1166 2716 tibi,
1180 2634 1270 2726 quod
1297 2633 1396 2701 stater
1409 2633 1468 2703 Dei
1482 2643 1539 2703 ast.

319 2731 385 2797 vita
407 2737 443 2805 et¹
454 2726 602 2819 dignitate
616 2750 727 2809 omnes
740 2729 907 2811 antecedit,
999 2733 1032 2811 d.
1056 2730 1184 2797 Beatam
1207 2750 1262 2799 me
1289 2725 1404 2795 duent

320 2822 907 2913 itasummatimpercuranthistoriam3
1163 2824 1273 2903 dcet.
1301 2840 1343 2887 rx.

320 2914 406 2995 Cur,
429 2916 560 3007 inquam
584 2936 648 2984 non
673 2916 820 2985 traditum
861 2925 910 2996 est
958 2864 1055 2985 Nou
1067 2923 1140 2985 mm
1151 2915 1286 3008 Spiritus
1296 2911 1547 3009 §anctmlitterh

321 3008 501 3090 memoriae,
525 3006 689 3098 quomodo
743 3020 908 3102 concepta,
954 3006 1129 3102 descripsit,
1151 3007 1476 3077 sedtibieamanimo
1489 3004 1549 3075 da-

322 3100 485 3191 quomodo
502 3111 584 3180 nata,
600 3099 764 3190 quomodo
783 3104 909 3183 nutrita,
957 3101 1147 3193 pingendam
1172 3101 1309 3192 reliquit,
1334 3108 1370 3167 ut
1392 3097 1546 3183 inteiligas

322 3192 601 3285 quibusmon'bus
615 3184 910 3284 decorataffquihus
955 3193 1033 3261 nihii
1057 3194 1102 3260 iiii
1125 3194 1320 3283 gratiosam
1335 3190 1548 3282 perfectionis,

321 3286 490 3371 virtutibus
512 3280 633 3368 ornata,
658 3284 739 3375 quid
760 3306 835 3355 eum
861 3288 913 3353 Fi·
958 3296 1014 3354 aut
1027 3285 1155 3375 gloriae,
1172 3307 1270 3378 quam
1285 3284 1409 3353 animus
1427 3285 1548 3374 inpura

322 3379 366 3447 iio
390 3380 421 3447 in
445 3378 722 3471 humanisegerit,
745 3378 910 3471 quomodo
955 3390 1101 3449 creatura
1118 3379 1288 3470 concipere
1303 3377 1414 3469 possit,
1429 3374 1549 3447 defuis·

322 3492 398 3551 cum
411 3473 466 3541 illo
481 3482 667 3543 conversata
678 3472 910 3565 sit,quomodo
954 3489 1000 3542 se:
1023 3472 1120 3542 immo
1144 3473 1250 3563 reipsa
1266 3469 1458 3539 intellectum
1478 3490 1549 3539 om-

322 3574 396 3657 post
406 3568 475 3656 ejus
488 3567 713 3635 Ascensionem
735 3585 811 3635 cum
826 3570 913 3659 Apo-
956 3588 1034 3635 nem
1056 3585 1233 3656 superasse.
1254 3562 1317 3635 Ubi
1339 3584 1417 3653 ergo
1446 3572 1548 3633 totum

321 3658 412 3737 stolis
443 3656 577 3727 vixerit?
601 3658 713 3749 Magna
728 3668 818 3731 erant
831 3658 922 3742 haec,
953 3670 1044 3739 erat,
1067 3679 1141 3751 pars
1162 3655 1407 3727 seribendanon
1420 3656 1492 3739 iaia
1507 3678 1548 3727 ue

313 3752 356 3834 ,ei
371 3760 546 3835 memoratu
563 3750 668 3841 digna,
683 3762 715 3821 at
730 3772 815 3843 quae
837 3774 913 3833 cum
959 3762 1099 3845 putares,
1123 3750 1212 3842 quod
1234 3754 1390 3842 scripturn
1417 3771 1482 3819 non
1496 3751 1547 3817 tu·

324 3867 450 3925 summa
486 3844 656 3914 devotione
693 3866 714 3913 a
749 3842 912 3921 Fidelibus
955 3856 1035 3927 erat,
1060 3844 1164 3915 eidem
1187 3844 1320 3914 forsitan
1350 3841 1497 3913 defuisse.
1511 3842 1547 3911 Si

324 3939 513 4029 lederentur,
536 3960 556 4007 a
578 3938 705 4031 populis
743 3939 914 4031 amplecte·
956 3938 1089 4007 ancilias
1104 3959 1190 4018 suas,
1213 3946 1247 4007 et
1260 3936 1415 4023 Ministras
1429 3934 1546 4005 murus

324 4042 450 4109 rantur„
465 4034 546 4114 Quis
568 4036 653 4103 euim
676 4030 808 4101 dubitat:
834 4034 912 4124 quin
960 4054 1038 4101 suas
1062 4032 1298 4123 potentissimus
1318 4029 1474 4099 morinus
1502 4030 1546 4099 ita

326 4123 357 4191 in
368 4126 438 4214 ejus
453 4126 621 4206 nativitate.
632 4135 665 4197 et
680 4126 816 4217 pueritia
829 4126 909 4207 mira
954 4124 1085 4193 mirifica
1108 4123 1280 4208 decoravit,
1310 4124 1354 4194 ita
1379 4118 1483 4204 donis,
1511 4132 1546 4193 et

326 4217 424 4287 muita
446 4219 641 4311 contigerint
665 4231 697 4289 et
713 4217 819 4313 puelia
834 4218 913 4301 haec
958 4220 1067 4310 gratiis
1090 4220 1276 4291 venustavit
1315 4211 1442 4310 qualem
1479 4218 1547 4287 exi·
