3584 5034
317 616 363 683 62
781 615 910 685 FESTA'
939 616 1079 686 natm

313 727 493 819 exemplum
518 722 672 811 mirabile,
688 739 724 796 ut
738 724 850 799 discas*
865 730 900 795 in
945 740 1069 798 cenem
1093 730 1278 819 sanguinem
1296 728 1433 798 veritatis
1449 727 1539 795 Chri·
1565 792 1570 811 ,

314 823 455 889 veritato
483 821 639 891 virtrltom.
682 822 734 888 lra
758 820 899 889 'divinae
945 824 997 903 sti,
1025 821 1132 913 templi
1164 822 1310 914 'postibus
1345 821 1537 899 dedicatum,

314 912 537 1004 indignationis
554 914 758 1007 sperabatur,
785 925 817 986 et
839 913 899 980 do·
945 914 1046 983 multo
1086 921 1188 1005 magis
1221 940 1256 985 se
1290 914 1463 991 subtrahet.
1503 917 1538 984 Si

313 1028 384 1075 mos
407 1007 549 1097 singulas
572 1009 714 1075 mortifer
735 1007 901 1076 circuibat.
948 1011 1032 1077 enim
1073 1011 1213 1097 Angelus
1253 1010 1348 1078 cessit
1381 1008 1539 1102 exemplo,

312 1100 397 1183 Quid
424 1100 519 1190 igitur
542 1101 707 1195 Moyses?
742 1100 899 1181 Occidite,
947 1116 1068 1191 quanto
1093 1106 1193 1191 magis
1227 1102 1401 1171 terrebitur
1436 1101 1540 1177 inimi-

313 1195 426 1285 inquit,
442 1216 560 1284 agnum
576 1196 770 1270 anniculum,
787 1204 902 1261 elsan·
950 1217 1027 1276 ons,
1051 1195 1077 1262 si
1101 1198 1202 1286 ipsam
1233 1196 1429 1288 perspexerit
1458 1197 1542 1264 veri·

275 1374 280 1381 ⁶
311 1290 408 1375 guine
432 1290 501 1376 ejus
512 1287 599 1357 linito
611 1290 736 1378 januas.
752 1286 837 1367 Quid
859 1279 931 1372 aiu]
949 1288 1062 1357 tatem?
1074 1288 1140 1370 Vis,
1151 1300 1183 1359 et
1193 1289 1286 1356 aliam
1299 1290 1395 1378 hujus
1410 1290 1539 1374 sangui-

242 1384 245 1393 ⁴
311 1381 464 1474 Moyses?
480 1382 616 1471 Sanguis
628 1382 698 1449 ovis
714 1375 924 1449 rationalem>
946 1382 996 1450 nis
1016 1394 1160 1451 scrutare
1185 1382 1350 1451 virtutem?
1366 1382 1456 1451 Volo.
1473 1383 1538 1451 Un-

310 1472 471 1545 hominem
511 1473 646 1544 liberare
683 1473 896 1543 consuevit-‘i
946 1474 988 1543 de
1011 1475 1149 1565 primurn
1180 1479 1344 1555 cucurrit,
1381 1476 1537 1565 inspicias,

311 1568 422 1651 ¹Valde,
439 1568 549 1659 inquit,
568 1588 630 1634 non
646 1588 686 1635 eo
703 1566 792 1658 quod
827 1590 901 1635 san·
949 1578 982 1637 et
1010 1568 1053 1639 de
1087 1590 1154 1659 quo
1190 1570 1276 1637 fonte
1310 1571 1457 1636 manarit.
1492 1568 1539 1637 Ile

310 1662 383 1749 guis
407 1673 465 1743 est,
490 1659 546 1730 sed
562 1662 638 1751 quia
654 1660 802 1730 dominici
827 1684 901 1729 san·
946 1663 1018 1750 ipsa
1056 1664 1194 1751 primum
1229 1682 1326 1729 cruce
1362 1663 1538 1752 processit;

311 1755 416 1842 guinis
430 1774 589 1845 ,pereum
612 1754 848 1825 demonstratur
863 1778 898 1823 e·
945 1753 1029 1823 latus
1053 1755 1135 1824 illud
1160 1752 1378 1835 dominicum,
1415 1755 1538 1822 initium

315 1848 492 1939 xemplum.
944 1848 1012 1915 fuit.
1035 1849 1161 1918 llortuo
1184 1847 1287 1927 enim,
1311 1847 1365 1925 ait,
1389 1847 1483 1927 lesu,
1507 1858 1540 1917 et

360 1953 391 2023 rt.
415 1941 768 2011 lnrtlrnoretncotarns
803 1942 897 2009 vestri
945 1940 1052 2010 adbuc
1074 1944 1108 2008 in
1124 1936 1222 2010 oruoe
1239 1938 1405 2032 pendente,
1422 1960 1538 2032 appro-

312 2036 555 2115 conversamini,
581 2032 601 2075 *
630 2035 781 2114 seientes,
812 2033 903 2124 quod
950 2034 1049 2105 ximat
1070 2034 1183 2104 miles:
1217 2033 1300 2103 latus
1333 2030 1445 2101 lancea
1468 2054 1540 2125 per·

311 2150 377 2197 uon
420 2126 684 2220 corruptibilibus
723 2145 813 2209 auro,
848 2126 900 2195 vel
947 2129 1058 2210 cussit,
1083 2138 1116 2197 et
1138 2126 1255 2197 exinde
1277 2147 1364 2216 aqua
1385 2124 1485 2206 fluxit,
1509 2136 1543 2195 et

311 2233 443 2310 argento
466 2219 622 2310 redempti
645 2219 733 2287 estis.
949 2222 1089 2312 sanguis.
1113 2222 1221 2291 Unum
1232 2220 1430 2313 baptismatis
1454 2242 1542 2313 sym·

336 2313 365 2379 t.
390 2312 452 2380 Sed
476 2314 616 2404 pretioso
640 2312 905 2404 sanguinequasi
952 2314 1200 2383 bolumzvaliud
1234 2317 1434 2382 sacramenti.
1460 2311 1539 2383 Ideo
1661 2333 1662 2336 ’

311 2408 386 2497 agni
396 2404 588 2475 immaculati
605 2404 727 2475 Christi.
746 2406 900 2476 Soientes.
948 2429 1012 2477 non
1036 2410 1087 2476 ait:
1111 2412 1188 2475 exiit
1211 2408 1342 2495 sanguis
1380 2417 1412 2473 et
1443 2428 1539 2495 aqua,

558 2497 663 2569 Lectio
687 2519 715 2565 v.
872 2525 876 2535 ‘
945 2500 1008 2571 sed
1048 2500 1123 2569 exiit
1170 2520 1254 2589 aqua
1304 2495 1553 2590 primurnffet.

310 2546 423 2663 Nam
448 2594 531 2663 siout
554 2594 752 2684 regnantium
768 2603 901 2676 statuae,
949 2595 1088 2682 sanguis:
1106 2596 1184 2684 quia
1199 2592 1338 2684 primum
1355 2590 1544 2682 baptismate

313 2710 399 2778 qnae
428 2688 496 2757 sine
525 2709 639 2756 caussa
670 2697 745 2755 sunt
776 2701 810 2758 et
836 2709 904 2769 eer-
950 2685 1128 2767 diluimur,
1167 2698 1200 2757 et
1239 2698 1349 2779 postea
1391 2685 1543 2779 mysterio
1662 2749 1663 2754 ,

310 2803 418 2861 mone,
443 2800 673 2872 nonnunquam
695 2780 738 2849 ad
762 2804 798 2851 se
828 2801 907 2849 oon·
954 2777 1150 2849 dedicamur.
1312 2796 1316 2803 ’

311 2873 506 2964 fugientibus
530 2872 710 2940 hominibus
733 2876 848 2956 anima,
873 2884 907 2944 et
998 2876 1030 2949 tl.
1059 2874 1163 2966 Empti
1201 2874 1289 2942 enirn
1327 2872 1403 2943 estis
1441 2871 1543 2965 pretio

311 2970 434 3036 ratione
457 2967 624 3045 decoratis,
640 2965 810 3037 subvenire
826 2989 905 3038 eou-
953 2988 1079 3059 magno:
1103 2968 1124 3011 *
1149 2966 1339 3051 Glorificate,
1366 2977 1399 3035 et
1421 2975 1546 3057 portate

243 3088 246 3095 ·
312 3069 504 3141 sueverunt,
531 3078 595 3125 non
619 3058 695 3147 quia
725 3071 800 3126 sunt
826 3082 908 3151 ⁸aere
953 3064 1057 3131 Deum
1081 3062 1112 3130 in
1137 3081 1275 3152 corpore
1299 3070 1413 3130 vestro.

311 3153 487 3232 confectae,
512 3149 569 3219 sed
585 3152 660 3241 quia
677 3152 812 3219 retinent
830 3153 907 3221 ima·
1001 3155 1031 3221 d.
1056 3154 1160 3221 Pretio
1194 3155 1293 3244 empti
1326 3153 1412 3220 estis:
1446 3148 1544 3217 nolite

313 3249 420 3333 ginem
443 3242 656 3337 principalem:
672 3246 714 3309 ita
729 3256 762 3311 et
776 3246 906 3332 sanguis
952 3242 1021 3315 fieri
1044 3245 1330 3315 semihominum.
1355 3239 1545 3313 Glorilioate.

313 3340 377 3419 ille,
400 3340 457 3429 qui
480 3335 667 3408 irrationalis
691 3337 760 3418 fuit,
783 3339 907 3406 animas
1166 3338 1273 3408 Lectio
1296 3358 1337 3405 vr.

313 3430 466 3500 habentes
489 3430 632 3499 homines
656 3430 809 3512 liberavit
841 3454 906 3501 non
955 3385 1082 3501 Latus
1105 3432 1196 3501 rniles
1219 3433 1352 3525 aperuit,
1380 3439 1413 3499 et
1436 3428 1547 3521 templi
1659 3447 1663 3457 ·

315 3526 393 3616 qnia
415 3524 543 3613 sanguis
567 3524 636 3605 fuit,
660 3522 717 3593 sed
741 3526 818 3614 quia
843 3523 903 3593 bu·
950 3528 1052 3595 sancti
1075 3529 1227 3617 parietem
1250 3525 1405 3617 patefecit
1431 3524 1471 3592 lit
1485 3546 1547 3614 ego

310 3622 366 3709 jus
389 3618 553 3707 sanguinis
575 3615 763 3686 ostendebat
784 3617 906 3687 adven·
953 3618 1137 3688 thesaurum
1161 3618 1360 3709 praeclarum
1377 3617 1548 3697 inveniet

316 3726 393 3781 tum.
417 3711 456 3779 tr
479 3721 555 3779 tunc
586 3708 727 3800 Angelus
761 3710 816 3779 ille
851 3734 906 3781 va·
954 3710 1277 3801 fulgentes‘divitias
1317 3734 1368 3780 me
1403 3710 1549 3801 gratulor

315 3817 423 3886 stator,
446 3822 520 3873 oum
546 3804 650 3871 linitos
668 3815 784 3895 postes,
810 3816 908 3897 atque
956 3809 1104 3896 reperire.
1120 3806 1172 3873 Sic
1196 3817 1227 3872 et
1250 3802 1292 3872 de
1317 3804 1371 3873 illo
1395 3826 1478 3894 agno
1501 3803 1548 3869 fa-

313 3900 420 3968 aditus
436 3896 623 3990 pervideret,
641 3898 805 3987 transjecit
819 3920 907 3988 gres·
955 3912 1043 3967 ctum
1067 3911 1123 3968 est.
1148 3899 1263 3969 ludaei
1292 3920 1385 3969 orem
1421 3893 1548 3965 occide-

316 4014 389 4071 sus,
418 4003 450 4061 et
478 4010 544 4061 non
572 4001 621 4065 est
650 4012 750 4062 ausus
779 3994 906 4059 intrare.
953 4005 1050 4075 runt,
1073 4004 1106 4062 et
1126 4014 1187 4082 ego
1210 3995 1351 4061 fructum
1375 3991 1416 4058 de
1438 4006 1544 4057 sacra·

316 4086 411 4155 Nunc
433 4105 511 4173 ergo
540 4086 568 4152 si
598 4084 715 4153 viderit
749 4084 905 4167 inimicus,
953 4098 1061 4155 mento
1089 4088 1234 4177 cognovi.
1260 4088 1307 4155 Ite
1342 4086 1438 4153 latere
1471 4102 1547 4149 san·

316 4198 383 4246 non
406 4178 552 4269 postibus
568 4179 751 4271 impositum
775 4182 906 4271 sangui-
952 4182 1038 4270 guis,
1061 4190 1095 4249 et
1115 4202 1211 4272 aqua.
1235 4179 1317 4249 Nolo
1340 4188 1403 4244 mm
1439 4172 1545 4255 facile,

317 4290 390 4342 nem
413 4271 492 4365 typi,
516 4270 573 4345 sed
596 4270 741 4344 fidetium
768 4292 826 4349 ore
855 4272 906 4345 lu·
953 4274 1101 4354 auditor,
1138 4285 1279 4343 transeas
1312 4269 1387 4338 tanti
1424 4279 1548 4338 secreta

950 4367 1101 4461 mysterii.
1127 4367 1232 4437 Restat
1255 4367 1340 4435 enim
1370 4360 1448 4430 mibi
1472 4386 1544 4457 my·
