3584 5034
605 710 611 727 .
703 646 829 719 FESTA
852 648 993 718 ninum
1354 671 1356 676 ·
1414 646 1459 717 65

242 760 312 831 tilex
345 760 527 829 luturoruni
560 758 729 845 bonorum,
764 784 829 855 per,
891 763 939 829 In.
953 761 1015 833 hoc
1038 761 1147 831 salutis
1171 756 1295 841 balneo,
1349 746 1361 757 ⁴
1402 753 1406 761 ’

241 855 383 947 amplius,
401 864 434 923 et
449 854 618 947 perfectius
635 856 823 926 tabernaon·
892 857 955 937 Qui
979 877 1014 925 se
1036 856 1130 936 lavat,
1154 851 1368 922 mundabitur.
1448 861 1475 941 '⁸

239 948 302 1017 lum
328 970 392 1015 non
413 946 737 1029 missiamanum
759 970 824 1017 non
871 949 993 1017 Summi
1017 948 1059 1017 ad
1083 942 1223 1017 Parentis
1246 945 1407 1015 dexteram

238 1040 332 1132 hujus
347 1042 523 1123 creationis,
550 1065 655 1132 neque
672 1066 728 1135 per
751 1034 823 1109 san·
893 1040 1019 1109 Sedenti
1045 1040 1189 1109 habenda
1211 1052 1260 1109 est
1281 1038 1390 1128 gratia,

237 1137 362 1225 guinem
380 1135 620 1217 hircorum,aut
636 1138 820 1216 vitulorum,
890 1135 956 1216 Qui
979 1156 1037 1202 nos
1061 1134 1195 1203 redemit
1216 1132 1382 1221 sanguine,

237 1227 293 1297 sed
317 1248 374 1319 per
389 1230 552 1319 proprium
574 1212 760 1321 sanguinem
776 1229 822 1295 in·
891 1230 1074 1321 Sanctaque
1098 1227 1202 1295 firmat
1223 1228 1351 1319 Spiritu.
1404 1239 1409 1273 ³

237 1321 341 1390 troivit
364 1322 458 1390 semel
486 1323 517 1389 in
547 1336 667 1407 sancta,
696 1324 824 1391 aeterna
873 1326 1003 1390 ‘Amen

236 1412 451 1509 redemptione
475 1415 609 1483 inventa.
712 1462 715 1469 -
911 1410 1456 1506 rl.lustilicatiinsanguinelllrristi.

314 1556 316 1563 ι
471 1508 615 1597 Hymnus
915 1514 947 1587 13.
972 1507 1056 1576 Salvi
1094 1508 1213 1577 erimus
1252 1507 1295 1575 ab
1322 1510 1369 1574 ira
1399 1526 1457 1597 per

202 1670 203 1677 χ
234 1552 383 1671 Soluete
406 1600 521 1671 Christi
548 1602 687 1686 vulnera,
872 1600 985 1695 ipsum.
1303 1626 1307 1633 ¹

256 1692 404 1761 immensi
428 1693 546 1763 amoris
569 1697 711 1785 pignora,
806 1776 809 1783 ,
870 1762 872 1765 ,
955 1694 1006 1762 Ad
1028 1693 1222 1773 Benedictus,
1248 1691 1374 1783 Antiplu
1458 1730 1462 1737 =

256 1786 382 1868 Quibus
405 1791 560 1879 perennes
583 1790 682 1858 rivuli
918 1786 985 1854 Erit
1007 1792 1137 1878 sanguis
1153 1788 1225 1876 agni
1240 1786 1334 1855 vobis
1357 1786 1390 1851 in
1414 1787 1460 1853 si-

257 1878 383 1947 lianant
406 1881 549 1955 rubentis
573 1882 745 1973 sanguinis.
872 1900 982 1969 gnum,
1006 1881 1083 1949 dicit
1107 1883 1270 1964 Dominus:
1294 1890 1326 1947 et
1342 1868 1462 1946 videbo

233 1972 340 2041 Nitoro
363 1967 469 2043 stellas
493 1974 628 2056 uincitis,
822 1972 825 1979 ’
872 1975 1068 2063 sanguinem,
1092 1987 1124 2044 et
1143 1973 1283 2041 transibo
1305 1992 1375 2053 vos,
1398 1992 1459 2040 noo

138 2124 139 2133 ,
249 2066 359 2141 *nosas
383 2066 501 2149 odore,v
517 2080 550 2137 et
573 2068 722 2151 balsama,
872 2064 933 2133 erit
956 2070 987 2135 in
1011 2068 1104 2137 vobis
1119 2068 1213 2160 plaga
1237 2065 1434 2159 disperdens.

255 2160 365 2227 Pretio
384 2156 661 2249 lapilloslndidos,
736 2160 739 2169 “
968 2177 989 2196 ·’
1083 2195 1087 2203 ·
1129 2159 1241 2230 Oratio
1347 2212 1350 2215 -

257 2251 356 2319 lllellis
372 2252 461 2320 savos
484 2253 662 2325 dulcedine.
871 2209 1117 2347 Omnipotens
1143 2254 1333 2345 sempiterne
1360 2249 1458 2332 Deus,

234 2345 296 2411 Per
319 2366 376 2415 vos
401 2350 485 2437 patet
508 2347 720 2439 gratissimum
757 2376 759 2381 ·
871 2353 933 2441 qui
971 2351 1167 2435 unigenitum
1202 2348 1335 2442 ἘἰΙΐᾳΜ
1367 2354 1460 2440 tunm

212 2500 215 2507 .
258 2437 381 2509 Nostris
404 2440 528 2533 asylum
542 2442 722 2522 ,mentibus
875 2441 985 2512 mundi
1006 2436 1247 2532 Redemptoreni
1261 2437 1459 2527 constituisti,

257 2531 328 2599 Non
353 2532 416 2601 huc
439 2536 530 2605 furor
554 2536 739 2605 minantium
873 2558 911 2603 ac
923 2537 992 2625 ejus
1007 2537 1167 2623 Sanguine
1187 2534 1303 2623 placari
1319 2531 1459 2599 voluisti:

257 2622 406 2717 Unquam
429 2621 572 2718 penetrat
596 2628 746 2697 hostium.
826 2701 828 2709 ,
874 2627 1026 2705 concede,
1043 2648 1250 2718 quaesumus
1268 2623 1379 2691 salutis
1403 2644 1461 2688 no-

236 2716 322 2796 Ouot
345 2723 437 2788 lesus
460 2725 494 2789 in
519 2716 678 2789 Praetorio
873 2732 957 2790 strae
981 2722 1119 2812 pretium
1147 2718 1279 2785 solemni
1303 2714 1393 2782 cultu
1415 2717 1460 2781 ita

258 2812 398 2901 Flagella
422 2814 686 2904 undusexcipitl
871 2813 1028 2893 venerari,
1052 2823 1148 2901 atque
1171 2832 1191 2877 a
1214 2808 1389 2901 praesentis
1413 2808 1459 2874 vi·

256 2902 345 2983 Quot
366 2898 582 2997 scissa'pellis
605 2903 750 2995 undique
871 2918 923 2975 tae
945 2905 1037 2973 malis
1052 2907 1121 2995 ejus
1138 2906 1252 2972 virtute
1276 2899 1402 2971 delendi
1426 2901 1458 2968 in

257 2996 360 3065 Stillat
381 2999 504 3066 cruoris
519 2998 673 3089 guttulas!
868 3000 972 3080 terris,
997 3010 1033 3067 ut
1055 3000 1161 3065 fructu
1185 3006 1348 3089 perpetuo.
1363 2992 1459 3082 laete-

232 3084 383 3160 Frontem
408 3104 584 3172 venustam,
609 3090 689 3184 proh
712 3089 822 3159 dolorl
868 3095 998 3186 morin
1022 3092 1132 3161 coelis.
1149 3091 1226 3185 Qui·
1250 3102 1356 3160 mcum
1372 3088 1458 3155 vivit.

254 3182 382 3253 Corona
404 3186 516 3277 pungit
539 3187 659 3278 spinea,
916 3189 1034 3257 Oomm.
1057 3185 1189 3273 demae.

139 3358 140 3371 χ
255 3274 343 3346 Clavi
367 3292 474 3367 retusa
497 3278 630 3371 cuspide
741 3314 743 3319 ·
957 3282 1006 3348 dd
1029 3281 1132 3349 Prim.
1157 3277 1192 3345 in
1215 3278 1247 3353 d.
1272 3275 1320 3343 br.
1342 3272 1373 3342 tl.

139 3444 140 3449 ,
255 3366 371 3467 Pedes,¹
384 3394 562 3465 manusque
585 3372 755 3465 perforant.
872 3371 935 3456 Qui
959 3383 1016 3441 tuo
1039 3391 1099 3439 uos
1123 3366 1456 3459 sanguinemdemisti.
1569 3430 1573 3437 ,

231 3459 406 3554 Postquam
431 3465 489 3535 sed
513 3463 565 3535 ille
590 3464 717 3533 tradidit
989 3466 1039 3533 Ad
1065 3463 1203 3534 Tertiam
1218 3462 1341 3554 antipa

255 3561 386 3639 Amans,
412 3560 587 3650 volensque
611 3560 769 3653 spiritum,
918 3558 957 3625 lii
982 3567 1065 3624 sunt.
1350 3614 1372 3648 ‘2

255 3648 373 3717 Pectus
396 3650 506 3719 feritur
529 3654 648 3735 lancea,
919 3650 1456 3741 Capit.Fran-esthrtstusutsupra.

208 3750 210 3753 ’
256 3741 478 3833 Geminusque
501 3745 607 3835 liquor
629 3746 723 3813 exilit
917 3751 950 3821 tl.
973 3744 1019 3812 br.
1042 3738 1456 3832 RedemistinosDomiue*

230 3832 275 3905 Ut
299 3834 393 3929 plena
416 3838 456 3903 sit
479 3838 663 3929 redemptio,
871 3839 909 3905 lu
932 3840 1085 3925 sanguine
1108 3852 1173 3907 tuo.
1205 3835 1380 3907 Redemisti.

241 3930 326 3997 sub
351 3928 499 3997 torculari
522 3932 694 4019 stringitur,
918 3942 948 4002 t.
972 3934 1018 3997 Ex
1040 3936 1129 4000 omni
1153 3930 1250 4009 tribu,
1280 3940 1312 3995 et
1339 3927 1457 4012 lingua,

257 4023 384 4115 Solque,
406 4025 499 4091 iesus
521 4025 697 4117 immemor,
872 4038 904 4091 et
915 4024 1045 4117 populo,
1054 4036 1086 4093 et
1097 4028 1231 4093 natione.
1249 4022 1283 4087 ln
1295 4019 1456 4109 sauguine.

257 4113 326 4184 Sibi
350 4117 392 4184 nil
417 4125 557 4185 reservat
566 4117 748 4207 sanguinis.
873 4118 980 4188 Gloria
1003 4120 1095 4186 Patri.
1121 4114 1298 4184 lledemisti.
1489 4170 1499 4201 ·.

234 4206 345 4281 Venite
369 4217 529 4302 quotquot
552 4208 720 4278 criminum
819 4208 825 4249 ²
917 4214 954 4278 i:
970 4198 1110 4302 Sanguis
1132 4213 1208 4279 lesu
1238 4207 1352 4295 Christi
1391 4200 1499 4310 Filipjt

256 4302 396 4375 Funesta
418 4302 507 4376 labes
529 4300 636 4373 inlicit:
870 4302 938 4371 Dei,
1447 4315 1450 4319 ·
1474 4312 1479 4323 ’

1392 3474 1418 3495 1⁶
1453 3452 1460 3475 1

1412 3503 1415 3509 =
1454 3502 1460 3512 ι

1378 3544 1449 3575 ι11’1

1350 3592 1385 3607 ·ι

1277 4416 1298 4477 5
1314 4453 1317 4459 Δ
