3584 5034
329 628 373 695 96
817 620 945 691 rosit
970 620 1078 693 JUNII

325 742 432 829 Atque
471 746 571 805 mater
597 744 711 805 'aetate
748 734 915 824 longaeva,
962 746 1052 804 verat
1074 734 1231 827 passione.
1255 732 1472 817 considerate:
1506 735 1557 802 in·
1612 775 1616 781 ·

325 832 433 901 studio
455 830 612 921 religiosa,
628 829 740 897 solatio
756 829 916 909 destitute,
964 851 1072 920 quam,
1096 828 1183 896 Evae
1205 828 1292 897 illius
1329 829 1557 921 primaermu-

325 948 409 1017 quae
435 932 511 992 tunc
535 924 697 1015 temporis,
716 922 848 1012 quando
864 921 916 989 vel
964 923 1053 991 lieris
1094 921 1290 1005 haeredem,
1328 922 1487 989 transfusa
1524 924 1559 989 in

320 1017 474 1109 juvanda,
499 1018 549 1085 vel
573 1016 687 1085 alenda
722 1017 804 1083 leret
837 1015 929 1083 vali-1
962 1029 1074 1083 omnes
1109 1013 1337 1084 immoderatae
1372 1014 1557 1105 cupiditatis

325 1112 385 1179 dae
407 1112 507 1203 prolis
530 1110 673 1193 auxilio,
711 1111 824 1177 abesse
848 1108 911 1175 sibi
956 1110 1162 1179 successione
1189 1110 1358 1177 labentem:
1376 1130 1475 1199 quam
1493 1110 1554 1176 llo-

322 1206 442 1273 liberos
470 1204 680 1296 patiebatur,
703 1215 743 1272 et
759 1203 913 1293 voluptati
959 1204 1067 1271 minus
1101 1203 1207 1271 adbuc
1232 1205 1362 1294 proprio
1398 1205 1558 1290 sanguiue

323 1322 403 1367 suae
414 1298 592 1368 mercedem
605 1298 807 1389 sequentium
825 1296 917 1364 Chri·
964 1317 1030 1370 non
1047 1295 1234 1377 redemerat,
1253 1295 1398 1363 nondum
1418 1296 1560 1364 inolitam

323 1403 408 1461 etum
447 1391 640 1489 praetulerat
679 1390 827 1460 liliorum.
852 1392 918 1471 Qui
965 1389 1134 1458 affectibus
1146 1394 1290 1459 omnium
1302 1389 1466 1458 immodici
1484 1409 1560 1457 con·

322 1488 427 1577 prima
450 1502 530 1553 voce
544 1485 653 1552 vocati.
673 1507 692 1551 a
715 1486 850 1552 Domino
868 1481 916 1573 (ut
962 1483 1082 1556 tralas
1106 1484 1240 1553 honoris
1262 1485 1476 1573 appetentiam
1499 1502 1558 1549 suo

324 1577 470 1671 legimus)
496 1578 612 1645 relictis
635 1576 778 1660 retibuS,
804 1588 835 1647 et
859 1580 918 1645 Pa·
964 1577 1107 1646 Christus
1130 1599 1247 1647 cruore
1269 1576 1416 1644 diluerat.
1441 1577 1560 1644 Haere-

326 1683 385 1754 tre,
408 1674 512 1741 secuti
535 1682 610 1739 sunt
633 1692 718 1739 eum.
967 1670 1083 1754 ditario
1107 1674 1205 1760 igitur
1244 1670 1358 1739 mulier
1386 1669 1562 1761 delinque·

372 1769 405 1843 tl.
428 1766 474 1837 Os
498 1787 595 1832 suum
619 1776 679 1833 etc.
706 1772 719 1791 ¹
968 1763 1025 1831 bat
1047 1787 1165 1834 errore.

529 1858 635 1927 Lectio
659 1879 725 1926 vur.
1014 1858 1058 1928 'le
1082 1861 1185 1927 Deum
1207 1855 1378 1925 laudamus
1403 1866 1464 1923 etc.

324 1904 447 2021 Haec
481 1953 578 2041 igitur
612 1952 719 2020 studio
761 1960 922 2019 maternae
1242 1988 1286 1999 -
1337 1980 1340 1986 ¹

323 2043 501 2114 sedulitatis
525 2044 916 2135 indulgentior-obsecra-
1197 2040 1269 2111 DIE
1295 2045 1326 2111 2.

324 2138 379 2206 bat
413 2140 628 2218 Salvaturem‚
663 2139 784 2205 dicens:
810 2148 846 2204 ut
868 2160 921 2206 se·
1107 2140 1140 2207 S.
1163 2138 1286 2206 Entsru
1311 2138 1366 2205 nr.
1392 2135 1456 2203 ll.⁴

323 2231 421 2299 deant
443 2231 474 2297 hi
499 2230 565 2298 duo
591 2230 647 2298 filii
671 2232 743 2311 mei,
768 2254 853 2299 unus
876 2230 918 2298 ad
972 2231 1057 2322 dupl.
1080 2232 1157 2323 maj.
1181 2234 1217 2300 in
1243 2230 1338 2303 Giuit.
1362 2226 1444 2300 atita·
1468 2227 1553 2317 dupl.

323 2324 486 2391 dexteram
517 2335 627 2407 tuam,
653 2336 685 2392 et
709 2325 788 2393 alter
810 2324 852 2393 ad
876 2326 919 2392 si·
1016 2327 1133 2395 Omnia
1156 2328 1194 2394 de
1220 2328 1337 2396 domm.
1353 2321 1451 2392 unius
1473 2323 1565 2391 Mur·

323 2419 458 2485 nistram
481 2421 515 2485 in
540 2420 648 2506 Regno
672 2429 740 2486 tuo.
779 2419 844 2485 Etsi
868 2440 920 2486 er·
966 2417 1058 2509 tyris,
1079 2431 1209 2509 praeter
1233 2416 1400 2506 sapentia.

324 2531 400 2593 ror,
427 2512 554 2601 pietatis
589 2521 696 2580 tamen
737 2532 827 2581 error
865 2522 923 2580 est.
1152 2513 1203 2579 Ad
1232 2512 1386 2599 Vesperas

322 2605 478 2674 Nesciunt
516 2606 600 2674 euim
625 2616 767 2675 materna
798 2606 921 2673 viscera
1014 2602 1045 2669 ι.
1068 2602 1254 2672 confitebor
1278 2603 1399 2687 nomini
1423 2611 1491 2670 tuo.

325 2700 521 2790 patientiam3
538 2702 597 2767 etsi
612 2700 676 2767 voti
695 2720 801 2779 avara,
819 2709 925 2765 tamen
1019 2707 1051 2779 ri.
1075 2697 1235 2777 Quoniam
1261 2695 1408 2785 Adjutor,
1431 2706 1465 2765 et
1487 2695 1566 2762 rro-
1664 2717 1665 2730 ¹

325 2790 494 2862 veniabilis
531 2792 712 2885 cupiditas,
738 2812 823 2882 quae
847 2810 918 2858 uon
964 2799 1065 2861 tector
1087 2790 1192 2859 lactus
1215 2814 1251 2861 es
1275 2790 1364 2858 mibi.

326 2887 483 2976 pecunius
505 2896 554 2953 est
576 2886 681 2967 avida,
705 2887 760 2953 sed
793 2886 924 2975 gratiae.
1135 2886 1190 2953 Ad
1209 2885 1403 2975 Mupnificut.

245 3039 248 3047 .
325 2978 394 3047 Neo
434 2978 649 3047 inverecunda
662 2979 801 3069 'petitio,
838 3000 923 3068 quae
1019 2977 1144 3069 Antiplt.
1168 2981 1285 3047 Beatus
1304 2980 1454 3046 Erasmus
1471 2976 1566 3043 Prae-

326 3069 488 3150 nonsibi,
513 3071 571 3139 sed
596 3071 705 3140 liberis
721 3073 919 3141 consulebat.
967 3074 1029 3154 sul,
1054 3084 1087 3140 et
1109 3073 1228 3164 llartyr
1251 3072 1387 3151 inclitus,
1411 3069 1567 3160 despecto

326 3165 458 3233 Matrem
481 3164 691 3247 considerate,
708 3177 841 3235 matrem
865 3188 921 3236 co·
968 3163 1101 3246 mundo,
1125 3175 1158 3233 et
1182 3164 1292 3230 mundi
1319 3162 1465 3252 Principe
1504 3162 1567 3260 tri-

327 3259 432 3349 gitate.
969 3258 1133 3348 umpbato,
1160 3278 1259 3345 supra
1282 3254 1439 3323 mundum
1464 3253 1568 3321 victor

374 3362 407 3437 d.
431 3354 574 3456 Regnum
600 3352 712 3421 mundi
735 3363 794 3421 eto.
969 3351 1111 3418 ascendit
1149 3351 1327 3440 accipiens,
1376 3346 1419 3415 de
1466 3368 1566 3415 mauu

538 3446 644 3516 Lectio
669 3468 711 3514 rx.
970 3444 1095 3512 Domini
1119 3463 1271 3511 coronam
1296 3442 1456 3511 victoriae.

329 3489 584 3608 considerabat
596 3540 738 3608 Christus
751 3537 859 3604 matris
877 3534 926 3603 di·
1221 3534 1332 3604 Oratio

326 3632 506 3715 lectionem,
531 3652 616 3723 quae
637 3630 925 3698 liliorum'meree-
975 3586 1566 3720 Deusomniumsmotorumspten-

328 3724 369 3793 de
392 3725 604 3816 grandaevam
629 3720 793 3790 solabatur
827 3743 921 3791 seue·
969 3721 1030 3791 dor
1066 3722 1230 3802 mirabilis,
1267 3725 1326 3812 qui
1363 3721 1447 3789 banc
1480 3720 1567 3788 diem

327 3829 420 3887 ctam:
459 3827 492 3887 et
526 3814 692 3887 desideriis
726 3814 804 3884 licet
837 3814 922 3883 iussa
967 3818 1002 3885 B.
1043 3816 1167 3883 Erasmi
1205 3815 1369 3884 Pontificis
1410 3816 1581 3907 martyrio

327 3912 490 3991 maternis,
516 3909 776 3979 charissimorum
807 3908 920 4001 pigno-
967 3913 1170 3992 consecrasti
1206 3908 1248 3977 da
1289 3908 1451 3978 Ecclesiae
1489 3908 1567 3976 tuae

327 4028 403 4075 rum
427 4002 593 4073 tollerabat
617 4002 801 4072 absentiam.
835 4004 919 4071 Con·
968 4003 1010 4072 de
1033 4004 1214 4073 festivitatis
1238 4004 1309 4093 ejus
1327 4000 1485 4096 „natalitio
1518 4002 1568 4068 ita

328 4097 464 4167 siderate
478 4101 572 4167 etiam
590 4098 769 4178 foeminam,
786 4097 921 4179 honest,
969 4096 1099 4179 laetari,
1137 4110 1173 4166 ut
1195 4097 1283 4190 apud
1313 4091 1570 4163 misericordiam

329 4210 442 4258 sexum
467 4191 669 4282 fragiliorem,
694 4208 792 4285 quem
817 4191 925 4259 Domi-
973 4199 1061 4260 tuam
1084 4201 1120 4261 et
1138 4190 1293 4283 exemplis
1316 4188 1417 4268 illius,
1440 4195 1475 4255 et
1495 4208 1569 4259 me·

328 4302 391 4350 nus
414 4285 544 4377 propria
574 4282 719 4357 noudum
752 4282 925 4357 confirma·
970 4286 1039 4357 ritis
1059 4282 1239 4376 adjuretur.
1266 4285 1326 4354 Per
1347 4278 1532 4352 Dominum.
