3584 5034
319 568 408 665 ts
482 568 484 573 ’
552 602 554 607 ·
672 577 674 585 ’
774 586 903 663 unser
926 594 1124 683 ananus

316 729 379 801 pus
402 702 582 789 effodiunt,
605 715 700 775 entra¹
716 704 838 775 aedem.
853 710 903 774 in·
948 708 1054 796 gniam
1084 699 1265 790 venerunt,
1280 717 1320 777 et
1347 709 1541 779 sanctissimi

315 800 692 891 dignissimeprojiciunt.
709 797 745 866 ld
763 800 820 867 ubi
835 801 905 868 Mna
952 802 1094 892 ipsorum
1109 802 1416 894 Patrooireliqnias,
1436 804 1467 872 in
1491 826 1546 875 aaz

317 916 356 963 ea
380 891 515 975 rescivit,
535 894 659 985 »quippe
682 894 738 985 qui
763 913 827 961 nun
844 894 903 961 mi·
949 894 1011 961 cris
1026 892 1160 961 aedibus
1176 896 1378 967 Beatissimae
1403 899 1462 966 Dei
1477 898 1545 964 lla-

317 1008 381 1057 nus
411 1006 527 1053 avarus
550 997 633 1069 erat,
664 1008 762 1077 qnam
786 1008 903 1055 saevus
953 987 1008 1053 tris
1031 1008 1069 1055 ac
1093 1010 1220 1079 semper
1243 987 1377 1079 Virginis
1416 990 1540 1072 Mariae,

263 1142 268 1153 .
309 1091 348 1149 et
370 1081 510 1172 impius,
536 1080 707 1169 Anagninis
732 1079 904 1147 denunciat
949 1099 1031 1146 curn
1048 1080 1404 1173 psalmiscanticisque
1425 1083 1541 1155 decen-

312 1196 353 1247 se
376 1196 477 1241 unum
500 1171 541 1239 de
565 1172 813 1262 Christianorum
837 1172 916 1239 Diis·
952 1174 1070 1241 tissime
1093 1174 1314 1245 condiderunt.
1443 1216 1447 1222 ‚

312 1267 404 1358 apud
427 1288 462 1335 se
485 1265 544 1335 nel
559 1266 690 1335 minimo
714 1265 815 1356 pretio
852 1286 903 1333 re·
996 1274 1026 1342 rt.
1051 1267 1148 1335 Filiae
1188 1270 1376 1353 Jerusalem,
1399 1279 1459 1339 eto.
1492 1269 1542 1339 cel

311 1358 500 1429 dimendum'
525 1358 649 1427 habere.
898 1355 900 1360 ’
951 1357 1053 1431 Stolo.
1341 1404 1347 1429 r
1422 1425 1425 1430 ,

359 1456 392 1533 ti.
416 1454 453 1521 ln
477 1456 577 1524 servis
599 1452 676 1535 suis,
691 1458 752 1521 ele.
767 1452 817 1521 uel
834 1452 903 1521 -De·
1066 1453 1110 1521 IN
1133 1454 1189 1522 III.
1218 1455 1450 1526 NOCTURNO-

311 1545 478 1615 siderium.
666 1609 669 1614 .
789 1570 790 1579 ¹
887 1558 888 1561 ’
993 1544 1103 1614 Lectio
1127 1548 1213 1621 Santi
1237 1550 1397 1641 Evangelii
1426 1570 1542 1623 secuta:

538 1640 620 1707 Lect.
643 1658 686 1705 vr.
753 1676 759 1692 ·
812 1684 814 1691 ·
951 1636 1030 1705 dum
1053 1639 1253 1708 Matthaeum.
1470 1675 1475 1683 ·
1537 1684 1543 1697 ·

317 1679 507 1822 Anagnini
546 1742 609 1801 tarn
648 1732 730 1801 lactc
770 1740 902 1823 accepto
1060 1776 1064 1787 -
1099 1734 1245 1800 Leotvn.
1352 1738 1428 1823 om.
1444 1738 1494 1806 to.

314 1826 434 1893 nuncio
459 1826 592 1893 Verulae
619 1835 816 1905 accurrunt,
840 1826 903 1917 Ty·
942 1772 1006 1891 'ln
1032 1823 1089 1892 illo
1129 1834 1279 1917 tempore:
1323 1827 1409 1895 Dixit
1448 1829 1543 1901 lesos

313 1939 452 1986 nannum
475 1916 605 1999 adeunt,
631 1940 668 1986 ac
692 1919 793 2010 pretio
831 1940 903 2009 per·
951 1913 1115 2007 discipulis
1137 1918 1213 1985 suis.
1231 1916 1315 1988 Nihil
1331 1929 1543 2011 estopertom

310 2010 430 2093 seluto,
455 2013 560 2080 Sancti
585 2012 728 2105 Martyris
752 2010 902 2111 reliquias
949 2010 1039 2100 qued
1059 2029 1127 2077 non
1152 2011 1354 2094 revelabitur,
1378 2021 1411 2084 et
1431 2012 1544 2083 occul-

313 2106 488 2195 Anagniam
513 2104 639 2193 ingenti.
655 2104 768 2171 laetitia
790 2124 829 2169 ao
845 2110 913 2171 ve·'
947 2114 1026 2182 tum,
1037 2103 1127 2193 quod
1142 2125 1206 2172 non
1217 2106 1345 2173 soletur.
1360 2106 1538 2197 Etreliqua.

311 2199 475 2267 ueratione
498 2194 666 2288 deportare
690 2193 897 2265 contendunt.
991 2198 1130 2267 Humilia
1151 2200 1185 2267 S.
1214 2200 1412 2292 Hyeronymi
1446 2201 1540 2271 Pres-

236 2290 240 2298 “
313 2290 385 2359 Non
409 2290 506 2379 longe
525 2300 631 2367 autam
655 2288 695 2355 ab
720 2288 810 2358 Urbe
839 2290 900 2357 Ve-
945 2290 1060 2385 hyteri.
1274 2348 1277 2352 .
1487 2356 1490 2362 ,

314 2383 427 2451 rulana
451 2393 659 2463 recesserunt,
683 2402 758 2451 cum
786 2404 899 2474 repen·
1018 2382 1088 2451 Lib.
1105 2406 1127 2452 r.
1149 2383 1185 2451 in
1207 2385 1304 2455 Most
1319 2407 1386 2474 cup.
1415 2386 1468 2451 l0.

313 2485 345 2545 te
368 2480 542 2571 pretiosum
567 2475 647 2543 illud
664 2479 789 2569 ,pignus
806 2528 813 2556 ‚
838 2498 897 2545 sua
947 2429 1188 2565 thuornodo
1205 2476 1235 2542 in
1252 2479 1407 2567 praesenti
1423 2498 1539 2547 saecu·

313 2581 427 2662 sponte
449 2570 678 2640 devolutume
707 2572 899 2659 gestantium
945 2569 977 2637 lo
999 2570 1186 2638 ‘multorum
1224 2568 1300 2635 vitia
1341 2568 1539 2652 nesciuntur,

311 2665 472 2745 manibus,
496 2667 587 2733 acsi
610 2667 748 2755 pervim
776 2664 902 2733 subtra-
946 2662 1004 2730 sed
1028 2661 1070 2731 de
1094 2663 1203 2730 loturo
1230 2661 1360 2731 saeculo
1377 2662 1540 2745 scribitur,

312 2756 451 2839 heretur,
476 2757 624 2825 elabitur.
644 2758 695 2825 Illi
711 2779 745 2825 re
756 2756 899 2847 inopina-
945 2754 1077 2846 quando
1092 2754 1343 2845 Deusjudicabit
1353 2754 1542 2831 abscondita

311 2835 508 2942 laperculsi',
533 2870 608 2916 curn
624 2852 731 2941 sepius
756 2850 900 2919 attollere
946 2848 1126 2932 hominum,
1152 2860 1185 2919 et
1200 2848 1540 2920 illuminabit-latebrae

314 2946 445 3023 conati,
469 2941 543 3009 nibil
569 2941 760 3030 proficerent
778 2942 897 3035 ,²quid
945 2942 1158 3023 tenebrarum,
1182 2956 1214 3015 et
1238 2942 1449 3011 manilestabit
1464 2963 1541 3011 cou-

312 3035 434 3103 eonsilii
458 3043 607 3125 caperent
632 3033 822 3102 nesciebant.
842 3038 901 3107 Va·
948 3037 1016 3106 silia
1029 3037 1230 3117 cordiumet
1246 3048 1427 3111 estsensus:
1444 3036 1540 3103 nolite
1578 3100 1583 3112 ‚

312 3139 490 3196 rnmumen
514 3124 621 3194 divina
643 3123 770 3193 tandem
787 3146 900 3197 eorum
947 3129 1058 3196 timere
1084 3140 1323 3218 persecutorum
1366 3126 1541 3208 saevitiam,
1584 3170 1592 3212 :

312 3222 428 3291 animis
451 3220 572 3289 obo’rta.
587 3220 670 3302 luce,
713 3218 780 3287 Deo
804 3238 842 3285 ao
867 3222 902 3293 B.
949 3231 983 3288 et
1005 3220 1447 3312 blasphemantiumrabiem,
1463 3220 1541 3315 quia

210 3314 215 3323 '
311 3314 426 3405 Magne
449 3314 503 3405 pie
527 3313 728 3407 pollicentur,
752 3314 830 3380 sisa
854 3313 903 3380 in·
949 3312 1054 3381 veniet
1069 3313 1137 3381 dies
1155 3313 1280 3402 judicii,
1303 3318 1336 3381 in
1351 3335 1419 3403 quo
1435 3324 1542 3381 vestra

311 3406 354 3475 de
377 3408 427 3475 vir
449 3408 562 3476 beatus
577 3406 735 3499 exportari
751 3407 900 3496 patiatur,
950 3407 1061 3486 virtus,
1079 3417 1237 3477 eteorum
1252 3407 1395 3499 nequitia
1408 3404 1543 3476 demon·

308 3511 344 3569 et
381 3500 587 3592 sepulchrum
624 3502 693 3590 ejus
733 3498 901 3567 Verulisa
948 3496 1107 3565 strabitur.

311 3595 476 3663 Saracenis
500 3592 669 3674 dirutum,
694 3614 741 3660 se
755 3614 825 3660 essa
849 3615 900 3661 re·
994 3593 1028 3668 tl.
1050 3592 1119 3681 lige
1142 3614 1215 3661 sum
1238 3592 1311 3663 vitis
1350 3614 1437 3678 uere,
1478 3603 1537 3664 eto.

311 3690 488 3767 stituturos‚
511 3696 544 3756 et
567 3685 661 3753 simul
688 3686 820 3753 alterum
857 3692 900 3753 ll·
946 3686 996 3754 cel
1020 3685 1154 3755 Corona.

313 3782 446 3874 nagnim
479 3778 750 3871 perhonorificum
785 3798 901 3847 monu-
1007 3829 1011 3838 .
1171 3780 1252 3849 Lect.
1288 3802 1354 3851 rnr.

312 3887 455 3945 mentum
478 3881 688 3957 extructuros.
724 3869 780 3938 His
820 3873 901 3939 vois
1009 3870 1164 3951 rodono
1181 3872 1273 3943 vobis
1287 3878 1321 3944 in
1337 3873 1475 3951 tenebris
1489 3870 1539 3939 di-

312 3970 372 4037 rite
388 3967 590 4059 nuncupatis,
606 3967 640 4032 Β.
657 3965 758 4055 Magni
775 3964 902 4057 Corpus
948 3966 1010 4033 cite
1027 3967 1059 4032 in
1071 3965 1241 4048 lumine,et
1256 3968 1538 4061 quodinanraau-

312 4060 403 4151 quod
426 4075 498 4128 anta
522 4059 610 4128 nulla
631 4060 755 4128 'ratione
789 4068 905 4151 potue-
951 4057 1023 4125 ditis
1037 4056 1218 4152 praedicate
1232 4070 1430 4155 supertecta.
1443 4057 1541 4139 Quod

311 4163 393 4235 rant,
416 4152 508 4223 lacile
523 4152 730 4223 sustulerunt
747 4153 821 4234 Quo
837 4147 899 4221 'cir
946 4150 1063 4223 auditis
1076 4153 1111 4221 iu
1125 4177 1156 4221 m
1180 4156 1285 4237 sterio,
1293 4152 1432 4246 apertius
1446 4172 1540 4243 prae·

313 4266 351 4315 ea
375 4266 490 4338 magno
512 4247 635 4341 pertusi
658 4246 786 4341 gaudio,
815 4250 899 4316 Ana·
945 4244 1059 4317 dicato:
1082 4270 1127 4339 qu
1195 4248 1314 4319 discitis
1334 4244 1534 4331 abscondite,
