3584 5034
320 666 384 732 tot
799 665 927 733 FESTA
949 665 1057 737 lUNlI

314 767 413 867 genae
442 780 578 869 speciem
618 768 766 858 reterens,
793 778 896 847 coelo
942 788 983 861 te,
1008 788 1045 846 nt
1066 767 1226 869 captivum
1249 782 1408 873 extemplo
1423 780 1528 852 dimit·

310 871 435 939 scilicet
465 870 613 961 delapsus
651 872 802 960 AngeluS‚
841 872 899 961 qui
943 883 1031 953 teret,
1055 871 1154 943 inisse
1187 876 1321 943 vinculis
1359 875 1526 945 confestim

313 965 424 1054 stipem
447 965 624 1055 postulavit.
642 966 812 1032 Fortunato
828 964 894 1033 duo
941 966 1130 1043 exsolutum,
1156 965 1268 1057 ibique.
1290 970 1320 1035 in
1344 970 1414 1037 Divi
1450 971 1527 1037 For-

313 1056 474 1124 dumtaxat
512 1058 721 1151 suppetebant
760 1057 895 1139 denarii,
942 1062 1043 1126 tunati
1082 1058 1235 1127 honorem
1268 1064 1418 1129 votivum>
1448 1072 1526 1130 tem·

313 1172 394 1241 quos
419 1151 546 1221 fortuito
571 1155 600 1219 in
625 1154 707 1219 arvis
724 1155 894 1219 invenerat.
941 1152 1030 1243 plum
1054 1152 1219 1241 magnifice
1243 1150 1426 1224 extruxisse.
1465 1158 1526 1223 Bo·

312 1245 349 1310 In
373 1267 466 1312 sunm
491 1246 613 1336 mapale
638 1244 805 1312 finitimum
835 1246 895 1311 mi·
942 1246 1068 1312 noniola
1099 1249 1132 1312 in
1169 1249 1305 1315 Camerti
1345 1248 1528 1318 Archidioe-

311 1340 351 1407 sit
362 1338 528 1427 hospitem
545 1338 649 1407 valido
667 1340 806 1405 clamore
819 1338 895 1405 sub·
944 1339 1008 1405 cesi
1031 1361 1105 1406 eum
1129 1339 1186 1406 sihi
1220 1343 1389 1408 Patronem
1424 1342 1529 1409 adsci-

310 1428 576 1521 sidiarogantem,
604 1443 635 1499 et
659 1432 735 1499 dum
760 1454 799 1499 ex
822 1453 893 1497 ora·
940 1433 1003 1513 vit,
1040 1434 1174 1523 ejusque
1215 1429 1411 1503 festivitatem
1446 1458 1527 1526 qno·

310 1526 357 1592 rio
381 1526 600 1605 ees-extrahit,
617 1527 647 1591 in
666 1545 814 1591 nummos
836 1546 894 1591 au·
941 1525 1044 1591 tannis
1068 1528 1308 1595 immemorabili
1326 1529 1368 1594 ab
1383 1549 1473 1610 aevo,
1490 1551 1528 1598 ao

310 1638 365 1686 reo
389 1618 511 1707 fulgore
548 1620 681 1685 nitentes
716 1619 895 1687 immutatos
942 1618 1084 1706 quolibet
1107 1622 1240 1687 triennio
1264 1644 1322 1711 per
1351 1632 1423 1689 octo
1463 1622 1532 1691 dies

309 1713 477 1803 peregrino
499 1721 547 1779 est
560 1712 726 1801 elargitus.
939 1709 1069 1801 publica
1091 1714 1252 1781 sanctione
1274 1714 1484 1783 concelebrat.

294 1813 299 1825 '
357 1808 389 1884 ri.
409 1804 537 1871 ¹Amavit
560 1827 642 1873 eum.
700 1825 703 1831 ·
989 1807 1022 1880 tl.
1046 1806 1109 1872 Iste
1132 1805 1262 1872 homos

274 2063 275 2073 ,
311 1899 808 2083 Columbaliililirplidimissa
841 1924 897 2057 sn·
1049 1952 1418 2021 1N111.rtocrn1m0

309 2106 367 2175 per
390 2084 496 2151 Sancti
519 2086 582 2151 Viri
606 2094 701 2175 capnt
735 2084 895 2177 paulisper
987 2081 1148 2151 Lectiones
1170 2084 1208 2151 de
1232 2082 1374 2151 Homilio
1399 2086 1434 2153 S.
1450 2086 1529 2154 Gre-

309 2176 460 2258 insidens‚
484 2197 558 2244 mox
581 2178 612 2243 in
637 2188 720 2244 astra
753 2175 893 2268 praepeti
940 2174 1026 2266 perii
1049 2179 1154 2265 Papae
1166 2175 1202 2244 in
1214 2180 1331 2267 Eoonp.
1348 2178 1418 2245 Sint
1429 2178 1530 2247 lumbi

309 2291 452 2359 regressa
474 2269 591 2351 votam,
627 2281 784 2337 maturum
824 2270 894 2358 ejus
940 2270 1047 2352 vestri,
1073 2282 1106 2337 ot
1130 2268 1165 2338 in
1193 2294 1302 2338 comm.
1345 2273 1432 2364 Coris.
1470 2295 1532 2340 ooo

309 2362 350 2429 ad
374 2362 513 2452 Superos
537 2384 703 2433 ascensum
728 2362 895 2456 portendit.
944 2366 1033 2433 Pom.
1055 2364 1081 2430 I.
1105 2364 1160 2431 loc.

308 2456 350 2523 Se
374 2458 478 2544 igitur,
502 2456 589 2523 nulla
613 2459 772 2547 interjecta
797 2476 896 2537 mora,
1120 2458 1175 2522 AD
1200 2454 1358 2524 LAUDES

309 2545 350 2616 ad
375 2548 631 2641 demigrationem
646 2574 685 2621 ex
710 2552 767 2620 hac
792 2551 896 2642 laery-
1169 2550 1314 2637 Hymnus

309 2664 432 2711 marum
464 2646 544 2714 valle
572 2645 791 2715 fervidissimis
824 2665 898 2734 pre·
944 2597 1141 2709 Fortunale
1180 2640 1306 2722 decus,
1352 2662 1533 2735 magnaque

309 2735 412 2818 cibus,
452 2757 490 2805 ao
528 2740 581 2829 pin
620 2741 896 2808 Sacramentorum
1012 2733 1114 2824 gloria

308 2832 509 2920 perceptione
533 2832 668 2901 hilariter
692 2830 895 2922 comparavit.
966 2828 1092 2896 Orantis
1122 2828 1232 2921 populi
1248 2838 1378 2919 pectore
1393 2826 1532 2917 candido

309 2922 432 2988 Paucos
456 2932 527 3013 post
550 2923 628 3003 dies,
639 2924 784 2993 kalendis
807 2946 895 2991 nem·
966 2922 1141 2990 Clementer
1166 2921 1316 2990 modulos
1331 2922 1463 2990 auribus
1478 2941 1532 2989 ac·
1665 2931 1666 3004 l

307 3034 349 3104 pe
365 3016 463 3094 lunii,
479 3014 520 3081 ad
537 3014 697 3083 aethereas
713 3016 805 3085 sedes
830 3040 895 3085 me·
1013 3018 1094 3106 cipe,
1665 3007 1666 3084 l

308 3107 385 3186 ritis,
424 3126 461 3175 ac
501 3106 668 3174 virtutihus
707 3107 889 3176 cumulatus
961 3111 1051 3188 Quos
1076 3111 1196 3197 promit
1218 3128 1319 3196 genus
1340 3104 1531 3194 obsequens.
1665 3103 1666 3146 l

308 3200 453 3269 evolavit.
477 3200 607 3269 Ostenta
631 3201 723 3292 plura
757 3208 829 3265 ante
864 3210 895 3267 et
943 3200 1100 3288 Leprosos
1125 3201 1240 3269 misera
1256 3198 1297 3265 de
1313 3198 1367 3266 lue
1384 3197 1533 3280 liberans,

307 3304 380 3383 post
401 3292 524 3361 obitum
547 3298 690 3386 patravit:
707 3294 785 3360 inter
809 3313 892 3380 quae
962 3292 1001 3358 Et
1023 3292 1128 3361 coecis
1154 3312 1303 3383 reparans
1314 3290 1434 3359 lumina
1456 3313 1495 3382 pr

307 3388 391 3452 sacri
413 3387 482 3457 fasti
507 3388 702 3457 Cathedralis
718 3386 896 3477 Spoletinae
1002 3385 1107 3465 tinus,
1483 3426 1489 3433 ·
1665 3447 1666 3458 ,

307 3477 457 3569 produnt,
471 3494 485 3513 '·
514 3482 668 3550 Severum
723 3475 895 3569 quemdam
964 3476 1133 3546 Devinctos
1188 3476 1313 3567 laqueis
1364 3474 1534 3547 doemonis
1665 3493 1666 3550 l

308 3572 466 3642 llartanae
489 3574 614 3643 militiae
637 3574 822 3662 magistrum
852 3572 894 3637 E·
1010 3570 1139 3637 hosticis

306 3665 442 3736 xarehae
465 3667 651 3736 Ravennatis
681 3667 776 3755 jussu
806 3684 894 3733 com·
964 3663 1077 3731 Christi
1101 3664 1229 3733 nomine
1251 3660 1422 3732 subtrahis.
1665 3677 1666 3748 t

307 3759 516 3849 prehensum,
540 3761 615 3829 loris
650 3760 837 3840 revinctum,
860 3768 892 3827 et
936 3758 985 3826 Ex
1009 3758 1122 3825 nostris
1146 3755 1255 3848 abigas
1277 3755 1398 3826 finibus
1420 3759 1530 3826 omnin

307 3852 359 3919 via
382 3854 500 3921 Salaria
521 3874 579 3945 per
602 3855 672 3923 avia
695 3852 839 3934 ductum,
864 3861 896 3921 et
964 3852 1074 3920 ‘lutela
1097 3851 1204 3919 valida
1228 3850 1332 3933 noxia,
1348 3850 1531 3942 grandines,

252 3961 268 3995 ⁸
300 3947 515 4025 ‚Fortunatam
548 3946 588 4015 ad
622 3948 692 4037 ejus
731 3945 890 4013 tumulum
961 3945 1000 4012 Et
1022 3942 1182 4036 quidquid
1205 3942 1350 4037 placidos
1383 3964 1443 4037 per
1472 3964 1530 4013 ve·

306 4049 480 4128 precatum,
504 4051 581 4110 ute
611 4039 789 4133 captivitate
818 4060 892 4107 eum
962 4041 1026 4107 rias
1051 4040 1137 4107 vices

307 4128 519 4216 subduceret,
555 4136 670 4203 Sancto
709 4132 779 4201 viro
818 4141 891 4200 ante
961 4130 1081 4198 laetari
1105 4129 1341 4200 vetat'inooles.

309 4223 430 4290 Patricii
455 4226 566 4297 oculos
597 4229 676 4297 inter
709 4224 810 4296 noetis
845 4234 891 4293 te-
938 4226 986 4294 Ne
1008 4224 1085 4291 belli
1108 4226 1256 4317 strepitus
1286 4219 1397 4295 audiet
1425 4217 1530 4293 horri-

309 4312 423 4385 nehras
445 4332 624 4412 apparente,
647 4330 679 4391 et
701 4316 896 4413 praecipien-
1011 4316 1070 4387 dos
