3584 5034
306 654 382 723 aaa
552 661 556 670 ·
753 657 882 728 rnsm
898 650 1099 728 coronaris
1142 607 1153 634 ²

312 816 317 822 ·
553 766 777 839 NOCTUBNO
950 767 1085 835 Maximi.
1110 766 1251 834 Cunctae
1273 766 1372 855 igitur
1407 763 1540 834 Bondini

402 850 485 926 dec.
509 861 547 928 de
571 859 679 950 script.
702 884 802 930 occur.
850 915 853 922 .
934 861 1103 946 ,collectae
1129 860 1293 949 impositae
1316 869 1392 927 sunt
1425 861 1563 929 inritae‘

335 1006 341 1012 .
425 952 469 1019 IN
491 953 531 1020 Il.
555 955 777 1024 NOCTURNO
948 955 1089 1044 navigiis.
1113 953 1278 1020 Solventes
1302 965 1427 1034 nautae,
1460 952 1541 1020 dum

272 1058 288 1066 ’“
552 1049 633 1116 Lect
660 1068 701 1114 rr.
823 1097 851 1139 ².
951 1047 1190 1116 Armoricorum
1215 1050 1376 1134 regionem
1393 1047 1541 1136 cogitant,
1656 1051 1657 1064 ¹

309 1089 493 1206 Gratiano
524 1140 730 1231 Imperatore.
770 1140 900 1209 Flavius
947 1162 1087 1208 asaeva
1112 1140 1252 1231 procella
1267 1140 1543 1208 in-Germanicum

306 1229 453 1300 Clemens
480 1235 642 1315 Maximus
671 1236 791 1301 romani
808 1257 899 1302 exer·
948 1233 1036 1302 littus
1060 1235 1241 1323 ejiciuntur.

306 1327 390 1398 citus
416 1326 447 1392 in
472 1328 631 1394 Britannia
655 1329 747 1410 Dux,
774 1339 899 1418 arrepta
994 1335 1027 1412 rt.
1052 1327 1192 1396 Dilexisti
1213 1326 1369 1416 justitiam
1394 1337 1453 1396 eto.

306 1417 487 1511 tyrannide,
510 1421 685 1510 Imperator
707 1443 727 1487 a
749 1422 901 1488 militibus
1169 1423 1249 1488 Lcct.
1274 1441 1313 1488 vr.

306 1512 509 1582 acclamatur.
535 1511 613 1580 luda
636 1517 746 1604 copias
772 1514 801 1581 in
826 1515 900 1582 Gal·
952 1461 1118 1604 Contigit
1140 1513 1253 1582 adesse
1278 1526 1352 1582 tunc
1378 1513 1420 1580 ibi
1456 1515 1545 1582 Hun-

309 1604 383 1670 liam
424 1607 647 1686 transmittens,
689 1607 730 1674 ab
771 1607 901 1676 intensis
952 1630 1067 1676 norum
1093 1610 1211 1699 copies,
1237 1629 1360 1697 quasa
1396 1607 1545 1676 Gratiano

309 1698 448 1765 Gratiani
465 1699 655 1788 Legionibns
670 1702 901 1791 exceptusini-
946 1704 1141 1792 imperatore
1153 1699 1309 1768 adversus
1328 1700 1496 1767 Maximum
1513 1723 1547 1770 e-

307 1793 433 1881 perinm
458 1792 517 1860 sibi
542 1793 737 1861 corroborat.
754 1794 902 1886 Cumque
948 1793 1082 1884 nonasp
1107 1794 1221 1860 ferunt.
1245 1793 1332 1884 Nacti
1358 1793 1454 1880 igitur
1473 1793 1548 1860 bar·

308 1885 548 1957 Armoricornm
572 1885 703 1955 uberem
729 1890 901 1976 regionem,
950 1887 1017 1954 bari
1041 1879 1238 1977 piaeclarum
1264 1883 1354 1950 illum
1385 1885 1545 1972 virginum

308 1979 416 2069 eJ'ectis
432 1980 572 2069 antiquis
589 1979 818 2047 habitatoribus
836 1982 901 2066 Bri·
950 1999 1086 2065 agmen,
1109 1977 1271 2068 impotenti
1295 1974 1435 2044 libidinis
1452 1989 1546 2045 aestu

309 2070 443 2140 tanuicis
466 2072 628 2154 militibus,
666 2094 749 2164 qnos
788 2093 899 2140 secum
947 2072 1106 2153 furentes,
1142 2073 1174 2138 in
1213 2093 1268 2141 eas
1308 2071 1447 2137 irruunt.
1481 2069 1548 2138 Sed

293 2167 634 2246 unxeratdivisissen
651 2187 717 2256 qno
735 2187 906 2234 novasco-
954 2188 1029 2234 cum
1054 2165 1199 2234 hortante
1237 2164 1371 2244 Ursule,
1409 2177 1545 2230 mortem
1656 2213 1657 2230 t

309 2257 411 2324 lonias
451 2269 641 2349 propagaret
687 2259 717 2325 in
756 2270 903 2349 posteros
950 2261 1057 2350 potius
1081 2270 1242 2350 oppetere,
1275 2280 1373 2348 quam
1414 2257 1548 2344 virginei

309 2350 450 2417 Connani
476 2352 646 2417 Britannici
663 2353 763 2440 reguli
780 2350 790 2441 (
805 2375 903 2443 quem
952 2352 1084 2448 pudoris
1103 2355 1260 2442 jacturam
1278 2350 1498 2441 parimento
1513 2371 1548 2416 a·

251 2475 259 2490 ·
312 2444 535 2514 Britannorum
561 2446 683 2513 Ducem
708 2446 846 2514 babebat
873 2448 905 2512 in
941 2424 1030 2512 ‘nimi
1054 2446 1162 2534 vigore
1185 2445 1410 2513 decrevissent:
1439 2444 1547 2511 Hunni

311 2541 453 2605 exercitu
471 2538 483 2630 l
500 2538 644 2620 consilio,
661 2541 759 2637 missa
775 2540 907 2628 legatio·
943 2540 989 2605 'in
1016 2537 1135 2606 rabiem
1162 2538 1362 2605 immanitatis
1403 2537 1551 2604 conversi

309 2651 352 2697 ne
375 2629 407 2699 in
431 2633 632 2717 Britanniam,
657 2624 793 2719 singtilis
824 2630 906 2698 mili·
953 2631 993 2698 ad
1019 2653 1116 2698 unam
1141 2651 1252 2698 omnes
1289 2630 1456 2698 trucidant.
1481 2629 1550 2696 Sic·
1656 2641 1657 2668 ¹

300 2723 397 2796 tibus
422 2727 513 2794 novis
537 2719 660 2794 colonis
677 2720 821 2813 singQ
845 2725 908 2791 vir·
957 2746 1022 2817 que
1045 2724 1171 2807 Ursulo,
1198 2745 1296 2814 super
1309 2725 1460 2792 comitum
1479 2743 1554 2790 sua·

306 2819 398 2905 gines
422 2820 571 2910 conjugio
612 2817 823 2888 foederandas
847 2839 906 2909 pu·
956 2841 1039 2900 rum,
1067 2819 1154 2886 velut
1178 2818 1366 2886 coelestium
1401 2815 1553 2905 margari-

311 2912 418 2977 stulat.
958 2913 1262 3002 tarum-pretiosum
1286 2931 1448 2991 acervum,
1483 2907 1553 2999 glo·

292 3064 296 3068 Α
357 3005 390 3079 ri.
417 3005 547 3096 Propter
571 3006 745 3073 veritatem.
777 3016 837 3074 etc.
956 3007 1040 3074 riosa
1065 3006 1193 3074 victima
1227 3003 1451 3096 procumbens,
1476 3024 1556 3093 pur-

550 3099 632 3164 Lect.
656 3116 686 3162 r.
953 3121 1034 3190 pura
1058 3119 1117 3188 pro
1143 3098 1270 3165 Christo
1295 3098 1356 3165 fusi
1389 3096 1555 3183 sanguinis

311 3139 441 3258 Haud
481 3189 550 3257 visa
589 3189 766 3271 Britanniae
805 3191 909 3280 reguli
956 3193 1114 3271 decorata,
1139 3191 1401 3282 triumphatorem
1426 3199 1472 3255 tot
1487 3188 1552 3255 rir-

308 3283 451 3352 absnrda
473 3283 592 3374 petitio:
617 3283 707 3352 unde
729 3286 907 3373 ingratiam
954 3287 1065 3374 ginum
1090 3286 1275 3364 exercitum,
1298 3281 1443 3372 geminis,
1461 3301 1553 3348 nem·
1656 3321 1657 3365 ,

310 3379 385 3446 novi
408 3378 624 3468 Imperatoris,
648 3389 680 3445 et
703 3378 793 3468 quod
824 3377 906 3446 [ilias
953 3400 993 3470 pe
1017 3378 1215 3467 virginitatis,
1239 3387 1272 3444 et
1288 3374 1428 3468 martyrii
1446 3373 1553 3444 laure-
1656 3395 1657 3476 p

312 3493 389 3538 suas
418 3490 483 3539 non
518 3471 579 3538 nisi
617 3470 787 3558 gentilibus
825 3472 903 3552 sois,
951 3474 980 3538 is
1003 3471 1157 3559 insignem
1182 3469 1315 3551 ducens,
1339 3466 1468 3537 coelum
1484 3467 1551 3535 vic-

311 3563 417 3654 iisque
457 3561 582 3636 donatis
622 3585 706 3632 nova
743 3565 908 3656 prouincia
954 3562 1015 3632 lrir
1056 3564 1189 3632 intravit.
1229 3564 1373 3645 Quarum
1413 3579 1552 3652 corpora

310 3655 555 3749 praedivitibus,
571 3655 794 3726 honestissime
810 3657 911 3724 collo·
960 3656 1164 3726 colonienses
1187 3676 1315 3725 summo
1339 3654 1463 3723 honore
1473 3674 1551 3723 con·

311 3749 431 3819 caudas
455 3751 582 3832 scirent;
606 3771 665 3841 pro
690 3771 825 3819 numero
849 3751 909 3817 mi·
943 3746 1113 3819 diderunt:
1137 3762 1313 3839 earumque
1337 3749 1491 3816 illustrem
1515 3768 1549 3814 a·

310 3844 402 3912 litum
427 3843 558 3912 totidem
581 3842 724 3912 delectae
746 3854 822 3912 sunt
844 3846 909 3911 vir·
955 3865 1070 3934 gonem
1094 3842 1285 3912 christianus
1308 3843 1395 3910 orbis
1425 3839 1550 3911 florenti

312 3938 412 4028 gines,
439 3958 551 4005 omnes
582 3958 715 4007 numero
757 3937 908 4005 undecim
955 3959 1082 4029 semper
1106 3939 1258 4006 memoria
1281 3935 1432 4006 celebrat.

312 4031 408 4098 mille:
433 4051 571 4120 quarum
597 4032 745 4123 princeps
760 4042 828 4098 erat
844 4031 904 4101 Ur·
997 4041 1030 4115 13.
1054 4030 1235 4099 afferentur
1259 4041 1317 4098 etc.
1372 4029 1380 4043 ‘

313 4121 385 4188 sula
408 4125 542 4192 Dionaei
565 4124 745 4192 cornubiae
762 4125 855 4214 Bagis
874 4122 912 4191 fi·
1067 4125 1110 4192 IN
1137 4125 1191 4190 ΙΙΙ.
1216 4119 1439 4192 NOCTUBNO

312 4212 366 4290 lia,
397 4213 586 4305 desponsata
628 4217 781 4286 Connano
820 4215 902 4286 Btrci
995 4217 1103 4285 Simile
1128 4203 1232 4287 aribo
1257 4216 1292 4285 ic
1312 4212 1418 4304 primo
1443 4212 1499 4286 loc.
1517 4213 1548 4279 9.

312 4304 534 4378 Britannorum
560 4309 693 4378 militum
717 4311 748 4379 in
764 4313 905 4382 exercitu
952 4311 1018 4382 lect.
1043 4312 1074 4382 S.
1099 4311 1268 4386 Hilarionis
1292 4304 1371 4376 Abb
