<?xml version="1.0" encoding="UTF-8"?>
<!DOCTYPE html PUBLIC "-//W3C//DTD XHTML 1.0 Transitional//EN"
    "http://www.w3.org/TR/xhtml1/DTD/xhtml1-transitional.dtd">
<html xmlns="http://www.w3.org/1999/xhtml" xml:lang="en" lang="en">
 <head>
  <title>
</title>
<meta http-equiv="Content-Type" content="text/html;charset=utf-8" />
  <meta name='ocr-system' content='tesseract 3.04.00' />
  <meta name='ocr-capabilities' content='ocr_page ocr_carea ocr_par ocr_line ocrx_word'/>
</head>
<body>
  <div class='ocr_page' id='page_1' title='image "./officiasanctoru00churgoog/officiasanctoru00churgoog_0083.png"; bbox 0 0 3584 5034; ppageno 0'>
   <div class='ocr_carea' id='block_1_1' title="bbox 711 609 1474 689">
    <p class='ocr_par' dir='ltr' id='par_1_1' title="bbox 711 609 1474 689">
     <span class='ocr_line' id='line_1_1' title="bbox 711 609 1474 689; baseline -0.003 -11"><span class='ocrx_word' id='word_1_1' title='bbox 711 610 838 689; x_wconf 69' lang='lat' dir='ltr'>FESTA.</span> <span class='ocrx_word' id='word_1_2' title='bbox 863 609 1004 679; x_wconf 72' lang='lat' dir='ltr'><strong>unum</strong></span> <span class='ocrx_word' id='word_1_3' title='bbox 1425 609 1474 676; x_wconf 74' lang='lat' dir='ltr'><strong>sa</strong></span> 
     </span>
    </p>
   </div>
   <div class='ocr_carea' id='block_1_2' title="bbox 241 718 1551 1375">
    <p class='ocr_par' dir='ltr' id='par_1_2' title="bbox 241 718 1551 1165">
     <span class='ocr_line' id='line_1_2' title="bbox 241 718 1477 813; baseline -0.004 -20"><span class='ocrx_word' id='word_1_4' title='bbox 241 724 343 803; x_wconf 85' lang='lat' dir='ltr'><strong>stica,</strong></span> <span class='ocrx_word' id='word_1_5' title='bbox 383 731 481 813; x_wconf 80' lang='lat' dir='ltr'><strong>atque</strong></span> <span class='ocrx_word' id='word_1_6' title='bbox 521 721 684 793; x_wconf 86' lang='lat' dir='ltr'><strong>secretalis</strong></span> <span class='ocrx_word' id='word_1_7' title='bbox 724 721 834 793; x_wconf 85' lang='lat' dir='ltr'><strong>oratio.</strong></span> <span class='ocrx_word' id='word_1_8' title='bbox 929 720 1053 812; x_wconf 66' lang='lat' dir='ltr'><strong>Annon</strong></span> <span class='ocrx_word' id='word_1_9' title='bbox 1077 723 1118 791; x_wconf 76' lang='lat' dir='ltr'><strong>Et</strong></span> <span class='ocrx_word' id='word_1_10' title='bbox 1140 720 1287 811; x_wconf 78' lang='lat' dir='ltr'><strong>bajulans</strong></span> <span class='ocrx_word' id='word_1_11' title='bbox 1308 718 1374 789; x_wconf 83' lang='lat' dir='ltr'><strong>nihi</strong></span> <span class='ocrx_word' id='word_1_12' title='bbox 1391 740 1477 788; x_wconf 76' lang='lat' dir='ltr'><strong>‚oru-</strong></span> 
     </span>
     <span class='ocr_line' id='line_1_3' title="bbox 241 810 1479 910; baseline -0.003 -25"><span class='ocrx_word' id='word_1_13' title='bbox 241 817 311 885; x_wconf 83' lang='lat' dir='ltr'><strong>Dixi</strong></span> <span class='ocrx_word' id='word_1_14' title='bbox 335 816 532 907; x_wconf 85' lang='lat' dir='ltr'><strong>baptismatis</strong></span> <span class='ocrx_word' id='word_1_15' title='bbox 567 815 766 910; x_wconf 80' lang='lat' dir='ltr'><strong>symbolum,</strong></span> <span class='ocrx_word' id='word_1_16' title='bbox 805 826 837 885; x_wconf 89' lang='lat' dir='ltr'><strong>et</strong></span> <span class='ocrx_word' id='word_1_17' title='bbox 884 836 967 896; x_wconf 78' lang='lat' dir='ltr'><strong>cem.</strong></span> <span class='ocrx_word' id='word_1_18' title='bbox 992 818 1089 885; x_wconf 78' lang='lat' dir='ltr'><strong>exivit</strong></span> <span class='ocrx_word' id='word_1_19' title='bbox 1111 817 1146 884; x_wconf 91' lang='lat' dir='ltr'><strong>in</strong></span> <span class='ocrx_word' id='word_1_20' title='bbox 1168 836 1255 890; x_wconf 84' lang='lat' dir='ltr'><strong>eum.</strong></span> <span class='ocrx_word' id='word_1_21' title='bbox 1277 818 1337 906; x_wconf 82' lang='lat' dir='ltr'><strong>qui</strong></span> <span class='ocrx_word' id='word_1_22' title='bbox 1360 810 1479 882; x_wconf 74' lang='lat' dir='ltr'><strong>dicitvr</strong></span> 
     </span>
     <span class='ocr_line' id='line_1_4' title="bbox 242 906 1477 1003; baseline 0 -26"><span class='ocrx_word' id='word_1_23' title='bbox 242 912 490 1003; x_wconf 75' lang='lat' dir='ltr'><strong>mysteriorum,</strong></span> <span class='ocrx_word' id='word_1_24' title='bbox 522 932 641 1002; x_wconf 86' lang='lat' dir='ltr'><strong>aquam</strong></span> <span class='ocrx_word' id='word_1_25' title='bbox 672 909 778 991; x_wconf 89' lang='lat' dir='ltr'><strong>illam,</strong></span> <span class='ocrx_word' id='word_1_26' title='bbox 801 919 834 979; x_wconf 82' lang='lat' dir='ltr'><strong>et</strong></span> <span class='ocrx_word' id='word_1_27' title='bbox 881 908 1055 1003; x_wconf 81' lang='lat' dir='ltr'><strong>Calvariae,</strong></span> <span class='ocrx_word' id='word_1_28' title='bbox 1077 908 1196 979; x_wconf 88' lang='lat' dir='ltr'><strong>locum:</strong></span> <span class='ocrx_word' id='word_1_29' title='bbox 1220 906 1277 975; x_wconf 87' lang='lat' dir='ltr'><strong>ubi</strong></span> <span class='ocrx_word' id='word_1_30' title='bbox 1307 906 1477 977; x_wconf 71' lang='lat' dir='ltr'><strong>arnume</strong></span> 
     </span>
     <span class='ocr_line' id='line_1_5' title="bbox 241 1000 1551 1095; baseline 0.001 -26"><span class='ocrx_word' id='word_1_31' title='bbox 241 1003 428 1095; x_wconf 84' lang='lat' dir='ltr'><strong>sanguinem</strong></span> <span class='ocrx_word' id='word_1_32' title='bbox 462 1001 697 1073; x_wconf 82' lang='lat' dir='ltr'><strong>demonstrare..</strong></span> <span class='ocrx_word' id='word_1_33' title='bbox 714 1004 761 1070; x_wconf 87' lang='lat' dir='ltr'><strong>Ex</strong></span> <span class='ocrx_word' id='word_1_34' title='bbox 784 1000 834 1071; x_wconf 92' lang='lat' dir='ltr'><strong>his</strong></span> <span class='ocrx_word' id='word_1_35' title='bbox 881 1013 959 1071; x_wconf 87' lang='lat' dir='ltr'><strong>runt</strong></span> <span class='ocrx_word' id='word_1_36' title='bbox 980 1024 1067 1071; x_wconf 89' lang='lat' dir='ltr'><strong>eum.</strong></span> <span class='ocrx_word' id='word_1_37' title='bbox 1256 1006 1259 1011; x_wconf 80' lang='grc'><strong>’</strong></span> <span class='ocrx_word' id='word_1_38' title='bbox 1547 1086 1551 1092; x_wconf 26' lang='grc'><strong><em>,</em></strong></span> 
     </span>
     <span class='ocr_line' id='line_1_6' title="bbox 241 1095 1475 1165; baseline -0.004 0"><span class='ocrx_word' id='word_1_39' title='bbox 241 1096 325 1165; x_wconf 87' lang='lat' dir='ltr'><strong>cuim</strong></span> <span class='ocrx_word' id='word_1_40' title='bbox 350 1105 459 1164; x_wconf 84' lang='lat' dir='ltr'><strong>sancta</strong></span> <span class='ocrx_word' id='word_1_41' title='bbox 482 1095 612 1164; x_wconf 84' lang='lat' dir='ltr'><strong>lundata</strong></span> <span class='ocrx_word' id='word_1_42' title='bbox 643 1108 694 1164; x_wconf 89' lang='lat' dir='ltr'><strong>est</strong></span> <span class='ocrx_word' id='word_1_43' title='bbox 724 1095 833 1165; x_wconf 81' lang='lat' dir='ltr'><strong>liculn-</strong></span> <span class='ocrx_word' id='word_1_44' title='bbox 930 1097 1048 1164; x_wconf 84' lang='lat' dir='ltr'><strong>Psclm.</strong></span> <span class='ocrx_word' id='word_1_45' title='bbox 1073 1098 1129 1163; x_wconf 88' lang='lat'><strong>87.</strong></span> <span class='ocrx_word' id='word_1_46' title='bbox 1153 1097 1291 1165; x_wconf 85' lang='lat' dir='ltr'><strong>Domine</strong></span> <span class='ocrx_word' id='word_1_47' title='bbox 1314 1095 1401 1163; x_wconf 82' lang='lat' dir='ltr'><strong>Deus</strong></span> <span class='ocrx_word' id='word_1_48' title='bbox 1425 1115 1475 1161; x_wconf 63' lang='lat' dir='ltr'><strong>sav</strong></span> 
     </span>
    </p>

    <p class='ocr_par' dir='ltr' id='par_1_3' title="bbox 241 1188 1204 1280">
     <span class='ocr_line' id='line_1_7' title="bbox 241 1188 1204 1280; baseline -0.001 -24"><span class='ocrx_word' id='word_1_49' title='bbox 241 1190 288 1256; x_wconf 88' lang='lat' dir='ltr'><strong>sia</strong></span> <span class='ocrx_word' id='word_1_50' title='bbox 319 1210 377 1280; x_wconf 81' lang='lat' dir='ltr'><strong>per</strong></span> <span class='ocrx_word' id='word_1_51' title='bbox 406 1188 524 1269; x_wconf 84' lang='lat' dir='ltr'><strong>lavacri</strong></span> <span class='ocrx_word' id='word_1_52' title='bbox 555 1190 835 1279; x_wconf 79' lang='lat' dir='ltr'><strong>regenerationem,</strong></span> <span class='ocrx_word' id='word_1_53' title='bbox 883 1189 961 1258; x_wconf 84' lang='lat' dir='ltr'><strong>lutis</strong></span> <span class='ocrx_word' id='word_1_54' title='bbox 986 1212 1088 1259; x_wconf 86' lang='lat' dir='ltr'><strong>meae.</strong></span> <span class='ocrx_word' id='word_1_55' title='bbox 1140 1245 1143 1251; x_wconf 92' lang='lat'><em>.</em></span> <span class='ocrx_word' id='word_1_56' title='bbox 1196 1225 1204 1255; x_wconf 74' lang='lat'><strong>.-</strong></span> 
     </span>
    </p>

    <p class='ocr_par' dir='ltr' id='par_1_4' title="bbox 242 1281 1476 1375">
     <span class='ocr_line' id='line_1_8' title="bbox 242 1281 1476 1375; baseline -0.002 -26"><span class='ocrx_word' id='word_1_57' title='bbox 242 1294 276 1353; x_wconf 88' lang='lat' dir='ltr'><strong>et</strong></span> <span class='ocrx_word' id='word_1_58' title='bbox 299 1284 536 1353; x_wconf 84' lang='lat' dir='ltr'><strong>renuvationem</strong></span> <span class='ocrx_word' id='word_1_59' title='bbox 561 1282 697 1375; x_wconf 78' lang='lat' dir='ltr'>Spiritus</span> <span class='ocrx_word' id='word_1_60' title='bbox 721 1286 833 1349; x_wconf 87' lang='lat' dir='ltr'><strong>sancti.</strong></span> <span class='ocrx_word' id='word_1_61' title='bbox 887 1338 889 1345; x_wconf 71' lang='grc'>,</span> <span class='ocrx_word' id='word_1_62' title='bbox 929 1282 1053 1372; x_wconf 78' lang='lat' dir='ltr'><strong>Antr&#39;plr.</strong></span> <span class='ocrx_word' id='word_1_63' title='bbox 1079 1285 1122 1353; x_wconf 91' lang='lat' dir='ltr'><strong>Ut</strong></span> <span class='ocrx_word' id='word_1_64' title='bbox 1144 1281 1297 1351; x_wconf 88' lang='lat' dir='ltr'><strong>viderunt</strong></span> <span class='ocrx_word' id='word_1_65' title='bbox 1312 1304 1387 1349; x_wconf 89' lang='lat' dir='ltr'><strong>eum</strong></span> <span class='ocrx_word' id='word_1_66' title='bbox 1409 1282 1476 1369; x_wconf 79' lang='lat' dir='ltr'><strong>jam</strong></span> 
     </span>
    </p>
   </div>
   <div class='ocr_carea' id='block_1_3' title="bbox 129 1372 1478 1467">
    <p class='ocr_par' dir='ltr' id='par_1_5' title="bbox 129 1372 1478 1467">
     <span class='ocr_line' id='line_1_9' title="bbox 129 1372 1478 1467; baseline 0.006 -32"><span class='ocrx_word' id='word_1_67' title='bbox 129 1432 130 1435; x_wconf 74' lang='grc'>,</span> <span class='ocrx_word' id='word_1_68' title='bbox 211 1372 216 1389; x_wconf 89' lang='grc'><em>’</em></span> <span class='ocrx_word' id='word_1_69' title='bbox 244 1375 306 1442; x_wconf 88' lang='lat' dir='ltr'><strong>Per</strong></span> <span class='ocrx_word' id='word_1_70' title='bbox 330 1374 495 1465; x_wconf 85' lang='lat' dir='ltr'><strong>baptisma,</strong></span> <span class='ocrx_word' id='word_1_71' title='bbox 513 1376 701 1467; x_wconf 75' lang='lat' dir='ltr'><strong>inquamet</strong></span> <span class='ocrx_word' id='word_1_72' title='bbox 721 1386 838 1467; x_wconf 73' lang='lat' dir='ltr'><strong>myste</strong></span> <span class='ocrx_word' id='word_1_73' title='bbox 884 1387 1066 1456; x_wconf 85' lang='lat' dir='ltr'><strong>mortuum,</strong></span> <span class='ocrx_word' id='word_1_74' title='bbox 1102 1398 1166 1443; x_wconf 90' lang='lat' dir='ltr'><strong>non</strong></span> <span class='ocrx_word' id='word_1_75' title='bbox 1207 1376 1370 1465; x_wconf 79' lang='lat' dir='ltr'><strong>fregerunt</strong></span> <span class='ocrx_word' id='word_1_76' title='bbox 1408 1375 1478 1464; x_wconf 76' lang='lat' dir='ltr'><strong>ejus</strong></span> 
     </span>
    </p>
   </div>
   <div class='ocr_carea' id='block_1_4' title="bbox 178 1465 1482 2493">
    <p class='ocr_par' dir='ltr' id='par_1_6' title="bbox 243 1465 1480 1747">
     <span class='ocr_line' id='line_1_10' title="bbox 243 1465 1479 1558; baseline 0 -23"><span class='ocrx_word' id='word_1_77' title='bbox 243 1468 302 1548; x_wconf 85' lang='lat' dir='ltr'><strong>ria,</strong></span> <span class='ocrx_word' id='word_1_78' title='bbox 327 1488 411 1558; x_wconf 85' lang='lat' dir='ltr'><strong>quae</strong></span> <span class='ocrx_word' id='word_1_79' title='bbox 426 1476 466 1535; x_wconf 83' lang='lat' dir='ltr'><strong>eri</strong></span> <span class='ocrx_word' id='word_1_80' title='bbox 481 1469 578 1539; x_wconf 84' lang='lat' dir='ltr'><strong>latere</strong></span> <span class='ocrx_word' id='word_1_81' title='bbox 595 1465 837 1537; x_wconf 26' lang='lat' dir='ltr'><strong>videnturresse</strong></span> <span class='ocrx_word' id='word_1_82' title='bbox 884 1490 990 1549; x_wconf 86' lang='lat' dir='ltr'><strong>crura,</strong></span> <span class='ocrx_word' id='word_1_83' title='bbox 1016 1469 1073 1537; x_wconf 88' lang='lat' dir='ltr'><strong>sed</strong></span> <span class='ocrx_word' id='word_1_84' title='bbox 1098 1492 1184 1537; x_wconf 88' lang='lat' dir='ltr'><strong>unus</strong></span> <span class='ocrx_word' id='word_1_85' title='bbox 1206 1469 1341 1536; x_wconf 86' lang='lat' dir='ltr'><strong>militum</strong></span> <span class='ocrx_word' id='word_1_86' title='bbox 1369 1467 1479 1535; x_wconf 86' lang='lat' dir='ltr'><strong>lancea</strong></span> 
     </span>
     <span class='ocr_line' id='line_1_11' title="bbox 244 1560 1480 1653; baseline -0.002 -25"><span class='ocrx_word' id='word_1_87' title='bbox 244 1560 379 1653; x_wconf 80' lang='lat' dir='ltr'><strong>prolata.</strong></span> <span class='ocrx_word' id='word_1_88' title='bbox 418 1561 465 1628; x_wconf 84' lang='lat' dir='ltr'><strong>Ex</strong></span> <span class='ocrx_word' id='word_1_89' title='bbox 504 1562 602 1631; x_wconf 87' lang='lat' dir='ltr'><strong>latere</strong></span> <span class='ocrx_word' id='word_1_90' title='bbox 647 1562 746 1649; x_wconf 81' lang='lat' dir='ltr'><strong>igitur</strong></span> <span class='ocrx_word' id='word_1_91' title='bbox 782 1583 842 1633; x_wconf 88' lang='lat' dir='ltr'><strong>suo</strong></span> <span class='ocrx_word' id='word_1_92' title='bbox 889 1561 973 1630; x_wconf 88' lang='lat' dir='ltr'><strong>latus</strong></span> <span class='ocrx_word' id='word_1_93' title='bbox 995 1564 1065 1652; x_wconf 86' lang='lat' dir='ltr'><strong>ejus</strong></span> <span class='ocrx_word' id='word_1_94' title='bbox 1087 1564 1232 1653; x_wconf 83' lang='lat' dir='ltr'><strong>aperuit,</strong></span> <span class='ocrx_word' id='word_1_95' title='bbox 1262 1573 1297 1631; x_wconf 88' lang='lat' dir='ltr'><strong>et</strong></span> <span class='ocrx_word' id='word_1_96' title='bbox 1326 1563 1480 1630; x_wconf 87' lang='lat' dir='ltr'><strong>continuo</strong></span> 
     </span>
     <span class='ocr_line' id='line_1_12' title="bbox 247 1652 1313 1747; baseline 0 -26"><span class='ocrx_word' id='word_1_97' title='bbox 247 1652 389 1722; x_wconf 86' lang='lat' dir='ltr'><strong>Christus</strong></span> <span class='ocrx_word' id='word_1_98' title='bbox 427 1652 610 1725; x_wconf 85' lang='lat' dir='ltr'><strong>aedificavit</strong></span> <span class='ocrx_word' id='word_1_99' title='bbox 648 1653 845 1737; x_wconf 81' lang='lat' dir='ltr'><strong>Ecclesiam,</strong></span> <span class='ocrx_word' id='word_1_100' title='bbox 892 1657 990 1723; x_wconf 78' lang='lat' dir='ltr'><strong>exivit</strong></span> <span class='ocrx_word' id='word_1_101' title='bbox 1013 1657 1143 1745; x_wconf 79' lang='lat' dir='ltr'><strong>sanguis</strong></span> <span class='ocrx_word' id='word_1_102' title='bbox 1166 1666 1198 1725; x_wconf 88' lang='lat' dir='ltr'><strong>et</strong></span> <span class='ocrx_word' id='word_1_103' title='bbox 1219 1677 1313 1747; x_wconf 84' lang='lat' dir='ltr'><strong>aqua.</strong></span> 
     </span>
    </p>

    <p class='ocr_par' dir='ltr' id='par_1_7' title="bbox 246 1746 1283 1837">
     <span class='ocr_line' id='line_1_13' title="bbox 246 1746 1283 1837; baseline 0.004 -24"><span class='ocrx_word' id='word_1_104' title='bbox 246 1747 332 1815; x_wconf 85' lang='lat' dir='ltr'><strong>sicut</strong></span> <span class='ocrx_word' id='word_1_105' title='bbox 353 1746 394 1816; x_wconf 87' lang='lat' dir='ltr'><strong>de</strong></span> <span class='ocrx_word' id='word_1_106' title='bbox 419 1747 517 1818; x_wconf 84' lang='lat' dir='ltr'><strong>latero</strong></span> <span class='ocrx_word' id='word_1_107' title='bbox 543 1746 644 1815; x_wconf 79' lang='lat' dir='ltr'><strong>Adam</strong></span> <span class='ocrx_word' id='word_1_108' title='bbox 669 1750 739 1837; x_wconf 86' lang='lat' dir='ltr'><strong>ejus</strong></span> <span class='ocrx_word' id='word_1_109' title='bbox 762 1767 840 1817; x_wconf 89' lang='lat' dir='ltr'><strong>con·</strong></span> <span class='ocrx_word' id='word_1_110' title='bbox 893 1808 895 1813; x_wconf 96' lang='lat'><em>.</em></span> <span class='ocrx_word' id='word_1_111' title='bbox 1070 1751 1202 1818; x_wconf 82' lang='lat' dir='ltr'><strong>..Psnlm</strong></span> <span class='ocrx_word' id='word_1_112' title='bbox 1229 1753 1283 1817; x_wconf 76' lang='lat'><strong>93.</strong></span> 
     </span>
    </p>

    <p class='ocr_par' dir='ltr' id='par_1_8' title="bbox 242 1838 1391 2026">
     <span class='ocr_line' id='line_1_14' title="bbox 242 1838 1391 1933; baseline -0.001 -24"><span class='ocrx_word' id='word_1_113' title='bbox 242 1840 303 1929; x_wconf 82' lang='lat' dir='ltr'><strong>jux</strong></span> <span class='ocrx_word' id='word_1_114' title='bbox 326 1838 414 1909; x_wconf 90' lang='lat' dir='ltr'><strong>lleva</strong></span> <span class='ocrx_word' id='word_1_115' title='bbox 437 1842 560 1933; x_wconf 88' lang='lat' dir='ltr'><strong>prolata</strong></span> <span class='ocrx_word' id='word_1_116' title='bbox 585 1852 642 1909; x_wconf 89' lang='lat' dir='ltr'><strong>est.</strong></span> <span class='ocrx_word' id='word_1_117' title='bbox 667 1843 747 1907; x_wconf 91' lang='lat' dir='ltr'><strong>Nam</strong></span> <span class='ocrx_word' id='word_1_118' title='bbox 769 1840 857 1933; x_wconf 12' lang='lat' dir='ltr'><strong>than.</strong></span> <span class='ocrx_word' id='word_1_119' title='bbox 933 1844 1020 1909; x_wconf 86' lang='lat' dir='ltr'><strong>Deus</strong></span> <span class='ocrx_word' id='word_1_120' title='bbox 1043 1842 1202 1911; x_wconf 90' lang='lat' dir='ltr'><strong>ultionum</strong></span> <span class='ocrx_word' id='word_1_121' title='bbox 1228 1842 1391 1911; x_wconf 84' lang='lat' dir='ltr'><strong>Dominus.</strong></span> 
     </span>
     <span class='ocr_line' id='line_1_15' title="bbox 244 1932 1358 2026; baseline 0.003 -26"><span class='ocrx_word' id='word_1_122' title='bbox 244 1932 408 2002; x_wconf 85' lang='lat' dir='ltr'><strong>decanea</strong></span> <span class='ocrx_word' id='word_1_123' title='bbox 431 1934 550 2003; x_wconf 85' lang='lat' dir='ltr'><strong>Paulus</strong></span> <span class='ocrx_word' id='word_1_124' title='bbox 582 1954 716 2026; x_wconf 90' lang='lat' dir='ltr'><strong>quoque</strong></span> <span class='ocrx_word' id='word_1_125' title='bbox 744 1945 840 2003; x_wconf 86' lang='lat' dir='ltr'><strong>testa-</strong></span> <span class='ocrx_word' id='word_1_126' title='bbox 932 1939 965 2003; x_wconf 79' lang='lat' dir='ltr'><strong>i.</strong></span> <span class='ocrx_word' id='word_1_127' title='bbox 989 1934 1132 2003; x_wconf 83' lang='lat' dir='ltr'><strong>Christus</strong></span> <span class='ocrx_word' id='word_1_128' title='bbox 1156 1936 1265 2005; x_wconf 83' lang='lat' dir='ltr'><strong>dilexit</strong></span> <span class='ocrx_word' id='word_1_129' title='bbox 1288 1957 1358 2004; x_wconf 85' lang='lat' dir='ltr'><strong>nos.</strong></span> 
     </span>
    </p>

    <p class='ocr_par' dir='ltr' id='par_1_9' title="bbox 244 2024 1482 2211">
     <span class='ocr_line' id='line_1_16' title="bbox 245 2024 1482 2122; baseline 0.001 -29"><span class='ocrx_word' id='word_1_130' title='bbox 245 2035 308 2109; x_wconf 86' lang='lat' dir='ltr'><strong>tur,</strong></span> <span class='ocrx_word' id='word_1_131' title='bbox 333 2024 453 2096; x_wconf 87' lang='lat' dir='ltr'><strong>dicens:</strong></span> <span class='ocrx_word' id='word_1_132' title='bbox 479 2028 526 2096; x_wconf 89' lang='lat' dir='ltr'><strong>De</strong></span> <span class='ocrx_word' id='word_1_133' title='bbox 550 2046 686 2121; x_wconf 85' lang='lat' dir='ltr'><strong>corpore</strong></span> <span class='ocrx_word' id='word_1_134' title='bbox 701 2028 782 2117; x_wconf 86' lang='lat' dir='ltr'><strong>ejus,</strong></span> <span class='ocrx_word' id='word_1_135' title='bbox 805 2038 838 2097; x_wconf 88' lang='lat' dir='ltr'><strong>et</strong></span> <span class='ocrx_word' id='word_1_136' title='bbox 890 2099 895 2106; x_wconf 64' lang='grc'>,</span> <span class='ocrx_word' id='word_1_137' title='bbox 930 2036 963 2103; x_wconf 75' lang='lat' dir='ltr'><strong>rt.</strong></span> <span class='ocrx_word' id='word_1_138' title='bbox 986 2028 1026 2095; x_wconf 82' lang='lat' dir='ltr'><strong>Et</strong></span> <span class='ocrx_word' id='word_1_139' title='bbox 1041 2029 1117 2097; x_wconf 85' lang='lat' dir='ltr'><strong>lavit</strong></span> <span class='ocrx_word' id='word_1_140' title='bbox 1133 2050 1193 2097; x_wconf 88' lang='lat' dir='ltr'><strong>uos</strong></span> <span class='ocrx_word' id='word_1_141' title='bbox 1216 2053 1235 2097; x_wconf 92' lang='lat' dir='ltr'><strong>a</strong></span> <span class='ocrx_word' id='word_1_142' title='bbox 1262 2028 1400 2122; x_wconf 66' lang='lat' dir='ltr'><strong>peccate</strong></span> <span class='ocrx_word' id='word_1_143' title='bbox 1423 2045 1482 2094; x_wconf 90' lang='lat' dir='ltr'><strong>no·</strong></span> 
     </span>
     <span class='ocr_line' id='line_1_17' title="bbox 244 2116 1289 2211; baseline 0.006 -26"><span class='ocrx_word' id='word_1_144' title='bbox 244 2116 286 2187; x_wconf 92' lang='lat' dir='ltr'><strong>de</strong></span> <span class='ocrx_word' id='word_1_145' title='bbox 321 2117 450 2187; x_wconf 89' lang='lat' dir='ltr'><strong>ossibus</strong></span> <span class='ocrx_word' id='word_1_146' title='bbox 483 2121 553 2210; x_wconf 87' lang='lat' dir='ltr'><strong>ejus</strong></span> <span class='ocrx_word' id='word_1_147' title='bbox 590 2141 719 2193; x_wconf 82' lang='lat' dir='ltr'><strong>sumus:</strong></span> <span class='ocrx_word' id='word_1_148' title='bbox 755 2120 838 2190; x_wconf 87' lang='lat' dir='ltr'><strong>latus</strong></span> <span class='ocrx_word' id='word_1_149' title='bbox 886 2118 959 2190; x_wconf 83' lang='lat' dir='ltr'><strong>stris</strong></span> <span class='ocrx_word' id='word_1_150' title='bbox 984 2123 1194 2211; x_wconf 77' lang='lat' dir='ltr'><strong>insanguine</strong></span> <span class='ocrx_word' id='word_1_151' title='bbox 1216 2142 1289 2191; x_wconf 74' lang='lat' dir='ltr'><strong>suo,</strong></span> 
     </span>
    </p>

    <p class='ocr_par' dir='ltr' id='par_1_10' title="bbox 244 2209 1481 2381">
     <span class='ocr_line' id='line_1_18' title="bbox 244 2209 1481 2307; baseline 0.002 -30"><span class='ocrx_word' id='word_1_152' title='bbox 244 2209 394 2281; x_wconf 88' lang='lat' dir='ltr'><strong>videlicet</strong></span> <span class='ocrx_word' id='word_1_153' title='bbox 410 2210 497 2283; x_wconf 65' lang='lat' dir='ltr'><strong>,iilud</strong></span> <span class='ocrx_word' id='word_1_154' title='bbox 521 2212 711 2302; x_wconf 81' lang='lat' dir='ltr'><strong>significans.</strong></span> <span class='ocrx_word' id='word_1_155' title='bbox 735 2214 835 2296; x_wconf 86' lang='lat' dir='ltr'><strong>Nam,</strong></span> <span class='ocrx_word' id='word_1_156' title='bbox 885 2214 995 2283; x_wconf 86' lang='lat' dir='ltr'><strong>Lectio</strong></span> <span class='ocrx_word' id='word_1_157' title='bbox 1028 2216 1129 2283; x_wconf 85' lang='lat' dir='ltr'><strong>sancti</strong></span> <span class='ocrx_word' id='word_1_158' title='bbox 1169 2215 1330 2307; x_wconf 79' lang='lat' dir='ltr'><strong>Evangelii</strong></span> <span class='ocrx_word' id='word_1_159' title='bbox 1361 2232 1481 2285; x_wconf 74' lang='lat' dir='ltr'><strong>secun</strong></span> 
     </span>
     <span class='ocr_line' id='line_1_19' title="bbox 245 2303 1234 2381; baseline 0.003 -8"><span class='ocrx_word' id='word_1_160' title='bbox 245 2304 332 2377; x_wconf 87' lang='lat' dir='ltr'><strong>sicut</strong></span> <span class='ocrx_word' id='word_1_161' title='bbox 355 2303 396 2374; x_wconf 88' lang='lat' dir='ltr'><strong>de</strong></span> <span class='ocrx_word' id='word_1_162' title='bbox 426 2304 482 2373; x_wconf 89' lang='lat' dir='ltr'><strong>illo</strong></span> <span class='ocrx_word' id='word_1_163' title='bbox 514 2305 611 2375; x_wconf 81' lang='lat' dir='ltr'><strong>latere</strong></span> <span class='ocrx_word' id='word_1_164' title='bbox 640 2306 729 2375; x_wconf 88' lang='lat' dir='ltr'><strong>Deus</strong></span> <span class='ocrx_word' id='word_1_165' title='bbox 766 2306 840 2381; x_wconf 84' lang='lat' dir='ltr'><strong>lecit</strong></span> <span class='ocrx_word' id='word_1_166' title='bbox 959 2306 1036 2377; x_wconf 81' lang='lat' dir='ltr'><strong>dum</strong></span> <span class='ocrx_word' id='word_1_167' title='bbox 1062 2311 1234 2378; x_wconf 61' lang='lat' dir='ltr'><strong>loannem:</strong></span> 
     </span>
    </p>

    <p class='ocr_par' dir='ltr' id='par_1_11' title="bbox 178 2398 1474 2493">
     <span class='ocr_line' id='line_1_20' title="bbox 178 2398 1474 2493; baseline 0.003 -30"><span class='ocrx_word' id='word_1_168' title='bbox 178 2402 180 2407; x_wconf 87' lang='grc'><strong>’</strong></span> <span class='ocrx_word' id='word_1_169' title='bbox 247 2398 417 2468; x_wconf 81' lang='lat' dir='ltr'><strong>foeminam</strong></span> <span class='ocrx_word' id='word_1_170' title='bbox 447 2400 625 2489; x_wconf 86' lang='lat' dir='ltr'><strong>procreari:</strong></span> <span class='ocrx_word' id='word_1_171' title='bbox 658 2402 706 2469; x_wconf 87' lang='lat' dir='ltr'><strong>sic</strong></span> <span class='ocrx_word' id='word_1_172' title='bbox 737 2410 768 2469; x_wconf 82' lang='lat' dir='ltr'><strong>et</strong></span> <span class='ocrx_word' id='word_1_173' title='bbox 803 2400 845 2469; x_wconf 86' lang='lat' dir='ltr'><strong>de</strong></span> <span class='ocrx_word' id='word_1_174' title='bbox 1023 2401 1130 2471; x_wconf 82' lang='lat' dir='ltr'><strong>Lectio</strong></span> <span class='ocrx_word' id='word_1_175' title='bbox 1152 2424 1206 2471; x_wconf 86' lang='lat' dir='ltr'><strong>vu.</strong></span> <span class='ocrx_word' id='word_1_176' title='bbox 1301 2405 1379 2493; x_wconf 81' lang='lat' dir='ltr'><strong>Gap.</strong></span> <span class='ocrx_word' id='word_1_177' title='bbox 1407 2402 1474 2467; x_wconf 62' lang='lat' dir='ltr'><strong>tu„</strong></span> 
     </span>
    </p>
   </div>
   <div class='ocr_carea' id='block_1_5' title="bbox 245 2450 1484 3143">
    <p class='ocr_par' dir='ltr' id='par_1_12' title="bbox 245 2450 1484 3143">
     <span class='ocr_line' id='line_1_21' title="bbox 250 2450 1484 2587; baseline 0.002 -28"><span class='ocrx_word' id='word_1_178' title='bbox 250 2514 312 2562; x_wconf 81' lang='lat' dir='ltr'><strong>suo</strong></span> <span class='ocrx_word' id='word_1_179' title='bbox 328 2490 426 2561; x_wconf 84' lang='lat' dir='ltr'><strong>latare</strong></span> <span class='ocrx_word' id='word_1_180' title='bbox 441 2492 586 2561; x_wconf 82' lang='lat' dir='ltr'><strong>Christus</strong></span> <span class='ocrx_word' id='word_1_181' title='bbox 595 2514 720 2585; x_wconf 44' lang='lat' dir='ltr'><strong>,aquam</strong></span> <span class='ocrx_word' id='word_1_182' title='bbox 739 2492 844 2575; x_wconf 84' lang='lat' dir='ltr'><strong>nobis,</strong></span> <span class='ocrx_word' id='word_1_183' title='bbox 895 2450 951 2564; x_wconf 72' lang='lat' dir='ltr'><strong>ln</strong></span> <span class='ocrx_word' id='word_1_184' title='bbox 976 2495 1030 2563; x_wconf 91' lang='lat' dir='ltr'><strong>illo</strong></span> <span class='ocrx_word' id='word_1_185' title='bbox 1055 2507 1207 2587; x_wconf 83' lang='lat' dir='ltr'><strong>tempore:</strong></span> <span class='ocrx_word' id='word_1_186' title='bbox 1230 2496 1312 2565; x_wconf 84' lang='lat' dir='ltr'><strong>Cum</strong></span> <span class='ocrx_word' id='word_1_187' title='bbox 1341 2494 1484 2585; x_wconf 83' lang='lat' dir='ltr'><strong>accepis·</strong></span> 
     </span>
     <span class='ocr_line' id='line_1_22' title="bbox 245 2585 1482 2681; baseline 0 -28"><span class='ocrx_word' id='word_1_188' title='bbox 245 2595 278 2653; x_wconf 90' lang='lat' dir='ltr'><strong>et</strong></span> <span class='ocrx_word' id='word_1_189' title='bbox 299 2586 486 2677; x_wconf 76' lang='lat' dir='ltr'><strong>sanguinem</strong></span> <span class='ocrx_word' id='word_1_190' title='bbox 510 2586 613 2670; x_wconf 84' lang='lat' dir='ltr'><strong>dedit,</strong></span> <span class='ocrx_word' id='word_1_191' title='bbox 638 2585 725 2657; x_wconf 89' lang='lat' dir='ltr'><strong>unde</strong></span> <span class='ocrx_word' id='word_1_192' title='bbox 749 2610 841 2681; x_wconf 81' lang='lat' dir='ltr'><strong>repa·</strong></span> <span class='ocrx_word' id='word_1_193' title='bbox 889 2598 940 2657; x_wconf 86' lang='lat' dir='ltr'><strong>set</strong></span> <span class='ocrx_word' id='word_1_194' title='bbox 972 2591 1066 2657; x_wconf 83' lang='lat' dir='ltr'><strong>lesus</strong></span> <span class='ocrx_word' id='word_1_195' title='bbox 1105 2600 1248 2670; x_wconf 81' lang='lat' dir='ltr'><strong>acetum,</strong></span> <span class='ocrx_word' id='word_1_196' title='bbox 1279 2589 1367 2656; x_wconf 80' lang='lat' dir='ltr'><strong>dinitt</strong></span> <span class='ocrx_word' id='word_1_197' title='bbox 1397 2588 1482 2654; x_wconf 81' lang='lat' dir='ltr'><strong>Con·</strong></span> 
     </span>
     <span class='ocr_line' id='line_1_23' title="bbox 246 2679 1484 2751; baseline 0.002 -6"><span class='ocrx_word' id='word_1_198' title='bbox 246 2691 370 2749; x_wconf 85' lang='lat' dir='ltr'><strong>raretur</strong></span> <span class='ocrx_word' id='word_1_199' title='bbox 393 2679 552 2751; x_wconf 84' lang='lat' dir='ltr'><strong>Ecclesia·</strong></span> <span class='ocrx_word' id='word_1_200' title='bbox 889 2692 1088 2751; x_wconf 85' lang='lat' dir='ltr'><strong>summatum.</strong></span> <span class='ocrx_word' id='word_1_201' title='bbox 1109 2691 1166 2749; x_wconf 88' lang='lat' dir='ltr'><strong>est.</strong></span> <span class='ocrx_word' id='word_1_202' title='bbox 1190 2683 1230 2750; x_wconf 75' lang='lat' dir='ltr'><strong>st</strong></span> <span class='ocrx_word' id='word_1_203' title='bbox 1252 2683 1402 2748; x_wconf 86' lang='lat' dir='ltr'><strong>inclinato</strong></span> <span class='ocrx_word' id='word_1_204' title='bbox 1429 2698 1484 2747; x_wconf 85' lang='lat' dir='ltr'><strong>cn-</strong></span> 
     </span>
     <span class='ocr_line' id='line_1_24' title="bbox 292 2770 1483 2868; baseline 0 -29"><span class='ocrx_word' id='word_1_205' title='bbox 292 2778 324 2856; x_wconf 68' lang='lat' dir='ltr'><strong>vi.</strong></span> <span class='ocrx_word' id='word_1_206' title='bbox 340 2770 549 2840; x_wconf 83' lang='lat' dir='ltr'><strong>Commendat</strong></span> <span class='ocrx_word' id='word_1_207' title='bbox 563 2774 724 2843; x_wconf 87' lang='lat' dir='ltr'><strong>caritatem</strong></span> <span class='ocrx_word' id='word_1_208' title='bbox 745 2795 839 2843; x_wconf 88' lang='lat' dir='ltr'><strong>suam</strong></span> <span class='ocrx_word' id='word_1_209' title='bbox 862 2818 864 2823; x_wconf 93' lang='lat'>-</span> <span class='ocrx_word' id='word_1_210' title='bbox 886 2776 962 2868; x_wconf 87' lang='lat' dir='ltr'><strong>pite,</strong></span> <span class='ocrx_word' id='word_1_211' title='bbox 985 2772 1113 2841; x_wconf 78' lang='lat' dir='ltr'><strong>tradidit</strong></span> <span class='ocrx_word' id='word_1_212' title='bbox 1150 2775 1307 2864; x_wconf 86' lang='lat' dir='ltr'><strong>spiritum.</strong></span> <span class='ocrx_word' id='word_1_213' title='bbox 1330 2775 1370 2841; x_wconf 78' lang='lat' dir='ltr'><strong>Et</strong></span> <span class='ocrx_word' id='word_1_214' title='bbox 1392 2771 1483 2863; x_wconf 59' lang='lat' dir='ltr'><strong>reliq</strong></span> 
     </span>
     <span class='ocr_line' id='line_1_25' title="bbox 246 2864 1417 2959; baseline -0.002 -24"><span class='ocrx_word' id='word_1_215' title='bbox 246 2864 336 2935; x_wconf 86' lang='lat' dir='ltr'><strong>Deus</strong></span> <span class='ocrx_word' id='word_1_216' title='bbox 359 2867 394 2931; x_wconf 91' lang='lat' dir='ltr'><strong>in</strong></span> <span class='ocrx_word' id='word_1_217' title='bbox 417 2864 520 2933; x_wconf 86' lang='lat' dir='ltr'><strong>nobis:</strong></span> <span class='ocrx_word' id='word_1_218' title='bbox 546 2865 567 2909; x_wconf 78' lang='lat'><em>*</em></span> <span class='ocrx_word' id='word_1_219' title='bbox 593 2867 753 2946; x_wconf 90' lang='lat' dir='ltr'><strong>Quoniam</strong></span> <span class='ocrx_word' id='word_1_220' title='bbox 771 2885 846 2941; x_wconf 82' lang='lat' dir='ltr'><strong>cum</strong></span> <span class='ocrx_word' id='word_1_221' title='bbox 964 2867 1101 2936; x_wconf 82' lang='lat' dir='ltr'><strong>Humilia</strong></span> <span class='ocrx_word' id='word_1_222' title='bbox 1123 2872 1225 2935; x_wconf 83' lang='lat' dir='ltr'><strong>sancti</strong></span> <span class='ocrx_word' id='word_1_223' title='bbox 1248 2866 1417 2959; x_wconf 80' lang='lat' dir='ltr'><strong>Augustini</strong></span> 
     </span>
     <span class='ocr_line' id='line_1_26' title="bbox 246 2955 1321 3118; baseline -0.002 -93"><span class='ocrx_word' id='word_1_224' title='bbox 246 2955 354 3025; x_wconf 88' lang='lat' dir='ltr'><strong>adhuc</strong></span> <span class='ocrx_word' id='word_1_225' title='bbox 385 2968 571 3049; x_wconf 84' lang='lat' dir='ltr'><strong>peccatores</strong></span> <span class='ocrx_word' id='word_1_226' title='bbox 598 2979 764 3038; x_wconf 84' lang='lat' dir='ltr'><strong>essemus,</strong></span> <span class='ocrx_word' id='word_1_227' title='bbox 796 2981 847 3029; x_wconf 75' lang='lat' dir='ltr'><strong>se</strong></span> <span class='ocrx_word' id='word_1_228' title='bbox 895 3007 957 3118; x_wconf 75' lang='lat' dir='ltr'>v</span> <span class='ocrx_word' id='word_1_229' title='bbox 989 3022 993 3028; x_wconf 82' lang='lat'>.</span> <span class='ocrx_word' id='word_1_230' title='bbox 1121 2962 1321 3054; x_wconf 85' lang='lat' dir='ltr'><strong>·Episcopi.</strong></span> 
     </span>
     <span class='ocr_line' id='line_1_27' title="bbox 957 3052 1009 3143; baseline 0 -23"><span class='ocrx_word' id='word_1_231' title='bbox 957 3052 1009 3143; x_wconf 76' lang='lat' dir='ltr'><strong>ign</strong></span> 
     </span>
    </p>
   </div>
   <div class='ocr_carea' id='block_1_6' title="bbox 184 3048 1490 4363">
    <p class='ocr_par' dir='ltr' id='par_1_13' title="bbox 244 3048 1490 3797">
     <span class='ocr_line' id='line_1_28' title="bbox 245 3048 1485 3145; baseline 0.002 -27"><span class='ocrx_word' id='word_1_232' title='bbox 245 3050 391 3119; x_wconf 91' lang='lat' dir='ltr'><strong>cundum</strong></span> <span class='ocrx_word' id='word_1_233' title='bbox 426 3048 554 3143; x_wconf 87' lang='lat' dir='ltr'><strong>tempus</strong></span> <span class='ocrx_word' id='word_1_234' title='bbox 599 3052 746 3121; x_wconf 87' lang='lat' dir='ltr'><strong>Christus</strong></span> <span class='ocrx_word' id='word_1_235' title='bbox 786 3074 846 3145; x_wconf 83' lang='lat' dir='ltr'><strong>pro</strong></span> <span class='ocrx_word' id='word_1_236' title='bbox 1012 3054 1075 3121; x_wconf 87' lang='lat' dir='ltr'><strong>anti</strong></span> <span class='ocrx_word' id='word_1_237' title='bbox 1100 3054 1200 3125; x_wconf 85' lang='lat' dir='ltr'><strong>verbo</strong></span> <span class='ocrx_word' id='word_1_238' title='bbox 1222 3054 1424 3145; x_wconf 83' lang='lat' dir='ltr'><strong>Evangelista</strong></span> <span class='ocrx_word' id='word_1_239' title='bbox 1447 3076 1485 3121; x_wconf 92' lang='lat' dir='ltr'><strong>u-</strong></span> 
     </span>
     <span class='ocr_line' id='line_1_29' title="bbox 246 3142 1486 3229; baseline -0.001 -16"><span class='ocrx_word' id='word_1_240' title='bbox 246 3142 341 3213; x_wconf 88' lang='lat' dir='ltr'><strong>nobis</strong></span> <span class='ocrx_word' id='word_1_241' title='bbox 365 3154 513 3221; x_wconf 86' lang='lat' dir='ltr'><strong>mortuus</strong></span> <span class='ocrx_word' id='word_1_242' title='bbox 536 3156 592 3215; x_wconf 85' lang='lat' dir='ltr'><strong>est.</strong></span> <span class='ocrx_word' id='word_1_243' title='bbox 891 3168 950 3215; x_wconf 89' lang='lat' dir='ltr'><strong>sus</strong></span> <span class='ocrx_word' id='word_1_244' title='bbox 972 3159 1038 3229; x_wconf 86' lang='lat' dir='ltr'><strong>est,</strong></span> <span class='ocrx_word' id='word_1_245' title='bbox 1070 3159 1106 3216; x_wconf 91' lang='lat' dir='ltr'><strong>ut</strong></span> <span class='ocrx_word' id='word_1_246' title='bbox 1142 3170 1207 3218; x_wconf 90' lang='lat' dir='ltr'><strong>non</strong></span> <span class='ocrx_word' id='word_1_247' title='bbox 1237 3149 1372 3218; x_wconf 87' lang='lat' dir='ltr'><strong>diceret:</strong></span> <span class='ocrx_word' id='word_1_248' title='bbox 1402 3148 1486 3214; x_wconf 88' lang='lat' dir='ltr'><strong>latus</strong></span> 
     </span>
     <span class='ocr_line' id='line_1_30' title="bbox 295 3232 1486 3332; baseline 0.003 -31"><span class='ocrx_word' id='word_1_249' title='bbox 295 3235 325 3305; x_wconf 71' lang='lat' dir='ltr'><strong>i.</strong></span> <span class='ocrx_word' id='word_1_250' title='bbox 350 3236 449 3309; x_wconf 84' lang='lat' dir='ltr'><strong>llulto</strong></span> <span class='ocrx_word' id='word_1_251' title='bbox 483 3239 580 3329; x_wconf 82' lang='lat' dir='ltr'><strong>igitur</strong></span> <span class='ocrx_word' id='word_1_252' title='bbox 617 3237 717 3328; x_wconf 83' lang='lat' dir='ltr'><strong>magis</strong></span> <span class='ocrx_word' id='word_1_253' title='bbox 756 3260 843 3309; x_wconf 88' lang='lat' dir='ltr'><strong>nunc</strong></span> <span class='ocrx_word' id='word_1_254' title='bbox 891 3232 961 3330; x_wconf 81' lang='lat' dir='ltr'><strong>ejus</strong></span> <span class='ocrx_word' id='word_1_255' title='bbox 995 3242 1173 3332; x_wconf 79' lang='lat' dir='ltr'><strong>percussit,</strong></span> <span class='ocrx_word' id='word_1_256' title='bbox 1208 3253 1264 3310; x_wconf 85' lang='lat' dir='ltr'><strong>aut</strong></span> <span class='ocrx_word' id='word_1_257' title='bbox 1298 3240 1486 3319; x_wconf 87' lang='lat' dir='ltr'><strong>vulneravit,</strong></span> 
     </span>
     <span class='ocr_line' id='line_1_31' title="bbox 244 3329 1488 3426; baseline 0.002 -29"><span class='ocrx_word' id='word_1_258' title='bbox 244 3329 408 3420; x_wconf 83' lang='lat' dir='ltr'><strong>justificati</strong></span> <span class='ocrx_word' id='word_1_259' title='bbox 431 3333 465 3398; x_wconf 93' lang='lat' dir='ltr'><strong>in</strong></span> <span class='ocrx_word' id='word_1_260' title='bbox 489 3335 645 3421; x_wconf 83' lang='lat' dir='ltr'><strong>sanguine</strong></span> <span class='ocrx_word' id='word_1_261' title='bbox 661 3333 763 3424; x_wconf 89' lang='lat' dir='ltr'><strong>ipsius</strong></span> <span class='ocrx_word' id='word_1_262' title='bbox 779 3335 843 3401; x_wconf 88' lang='lat' dir='ltr'><strong>sal·</strong></span> <span class='ocrx_word' id='word_1_263' title='bbox 888 3345 947 3401; x_wconf 90' lang='lat' dir='ltr'><strong>aut</strong></span> <span class='ocrx_word' id='word_1_264' title='bbox 969 3334 1047 3425; x_wconf 84' lang='lat' dir='ltr'><strong>qnid</strong></span> <span class='ocrx_word' id='word_1_265' title='bbox 1072 3333 1169 3400; x_wconf 89' lang='lat' dir='ltr'><strong>aliud:</strong></span> <span class='ocrx_word' id='word_1_266' title='bbox 1193 3335 1250 3403; x_wconf 86' lang='lat' dir='ltr'><strong>sed</strong></span> <span class='ocrx_word' id='word_1_267' title='bbox 1275 3337 1416 3426; x_wconf 85' lang='lat' dir='ltr'><strong>aporuit:</strong></span> <span class='ocrx_word' id='word_1_268' title='bbox 1451 3345 1488 3399; x_wconf 91' lang='lat' dir='ltr'><strong>ut</strong></span> 
     </span>
     <span class='ocr_line' id='line_1_32' title="bbox 249 3424 1486 3519; baseline 0.002 -29"><span class='ocrx_word' id='word_1_269' title='bbox 249 3426 284 3490; x_wconf 90' lang='lat' dir='ltr'><strong>vi</strong></span> <span class='ocrx_word' id='word_1_270' title='bbox 317 3427 437 3494; x_wconf 88' lang='lat' dir='ltr'><strong>erimus</strong></span> <span class='ocrx_word' id='word_1_271' title='bbox 468 3425 509 3493; x_wconf 78' lang='lat' dir='ltr'><strong>ab</strong></span> <span class='ocrx_word' id='word_1_272' title='bbox 550 3426 596 3495; x_wconf 90' lang='lat' dir='ltr'><strong>ira</strong></span> <span class='ocrx_word' id='word_1_273' title='bbox 633 3448 692 3519; x_wconf 85' lang='lat' dir='ltr'><strong>per</strong></span> <span class='ocrx_word' id='word_1_274' title='bbox 728 3426 842 3519; x_wconf 82' lang='lat' dir='ltr'><strong>ipsum.</strong></span> <span class='ocrx_word' id='word_1_275' title='bbox 890 3427 954 3495; x_wconf 89' lang='lat' dir='ltr'><strong>illic</strong></span> <span class='ocrx_word' id='word_1_276' title='bbox 978 3424 1220 3516; x_wconf 85' lang='lat' dir='ltr'><strong>quodammodo</strong></span> <span class='ocrx_word' id='word_1_277' title='bbox 1256 3430 1339 3498; x_wconf 84' lang='lat' dir='ltr'><strong>vitae</strong></span> <span class='ocrx_word' id='word_1_278' title='bbox 1368 3431 1486 3495; x_wconf 82' lang='lat' dir='ltr'><strong>ostium</strong></span> 
     </span>
     <span class='ocr_line' id='line_1_33' title="bbox 250 3516 1490 3609; baseline 0.002 -25"><span class='ocrx_word' id='word_1_279' title='bbox 250 3518 418 3597; x_wconf 84' lang='lat' dir='ltr'><strong>Quoniam.</strong></span> <span class='ocrx_word' id='word_1_280' title='bbox 581 3570 584 3581; x_wconf 91' lang='lat'>.</span> <span class='ocrx_word' id='word_1_281' title='bbox 612 3580 614 3588; x_wconf 85' lang='lat'><em>.</em></span> <span class='ocrx_word' id='word_1_282' title='bbox 895 3516 1099 3609; x_wconf 84' lang='lat' dir='ltr'><strong>panderetur,</strong></span> <span class='ocrx_word' id='word_1_283' title='bbox 1117 3520 1202 3589; x_wconf 90' lang='lat' dir='ltr'><strong>undo</strong></span> <span class='ocrx_word' id='word_1_284' title='bbox 1217 3535 1413 3591; x_wconf 88' lang='lat' dir='ltr'><strong>sacramenta</strong></span> <span class='ocrx_word' id='word_1_285' title='bbox 1430 3524 1490 3587; x_wconf 81' lang='lat' dir='ltr'><strong>En-</strong></span> 
     </span>
     <span class='ocr_line' id='line_1_34' title="bbox 265 3608 1489 3705; baseline 0.002 -29"><span class='ocrx_word' id='word_1_286' title='bbox 265 3682 269 3691; x_wconf 52' lang='lat'><em>,</em></span> <span class='ocrx_word' id='word_1_287' title='bbox 298 3608 405 3681; x_wconf 83' lang='lat' dir='ltr'><strong>Gloria</strong></span> <span class='ocrx_word' id='word_1_288' title='bbox 429 3612 520 3679; x_wconf 83' lang='lat' dir='ltr'><strong>Patri.</strong></span> <span class='ocrx_word' id='word_1_289' title='bbox 544 3613 710 3694; x_wconf 89' lang='lat' dir='ltr'><strong>Quoniam.</strong></span> <span class='ocrx_word' id='word_1_290' title='bbox 774 3656 777 3665; x_wconf 70' lang='lat'><em>,</em></span> <span class='ocrx_word' id='word_1_291' title='bbox 890 3613 1007 3681; x_wconf 83' lang='lat' dir='ltr'><strong>clasiae</strong></span> <span class='ocrx_word' id='word_1_292' title='bbox 1031 3626 1250 3694; x_wconf 85' lang='lat' dir='ltr'><strong>manaverunt,</strong></span> <span class='ocrx_word' id='word_1_293' title='bbox 1274 3620 1345 3687; x_wconf 88' lang='lat' dir='ltr'><strong>sine</strong></span> <span class='ocrx_word' id='word_1_294' title='bbox 1368 3614 1489 3705; x_wconf 84' lang='lat' dir='ltr'><strong>quibus</strong></span> 
     </span>
     <span class='ocr_line' id='line_1_35' title="bbox 415 3704 1488 3797; baseline 0.004 -28"><span class='ocrx_word' id='word_1_295' title='bbox 415 3704 458 3771; x_wconf 81' lang='grc' dir='ltr'><strong>ΙΝ</strong></span> <span class='ocrx_word' id='word_1_296' title='bbox 483 3706 539 3773; x_wconf 84' lang='lat' dir='ltr'><strong>lli.</strong></span> <span class='ocrx_word' id='word_1_297' title='bbox 564 3708 683 3775; x_wconf 75' lang='lat' dir='ltr'><strong>Nost.</strong></span> <span class='ocrx_word' id='word_1_298' title='bbox 893 3704 934 3773; x_wconf 87' lang='lat' dir='ltr'><strong>ad</strong></span> <span class='ocrx_word' id='word_1_299' title='bbox 959 3706 1066 3787; x_wconf 86' lang='lat' dir='ltr'><strong>vitam,</strong></span> <span class='ocrx_word' id='word_1_300' title='bbox 1090 3729 1194 3797; x_wconf 88' lang='lat' dir='ltr'><strong>quae.</strong></span> <span class='ocrx_word' id='word_1_301' title='bbox 1221 3734 1295 3779; x_wconf 88' lang='lat' dir='ltr'><strong>vera</strong></span> <span class='ocrx_word' id='word_1_302' title='bbox 1330 3713 1407 3776; x_wconf 81' lang='lat' dir='ltr'><strong>vita¹</strong></span> <span class='ocrx_word' id='word_1_303' title='bbox 1430 3719 1488 3786; x_wconf 88' lang='lat' dir='ltr'><strong>est,</strong></span> 
     </span>
    </p>

    <p class='ocr_par' dir='ltr' id='par_1_14' title="bbox 184 3793 1490 4267">
     <span class='ocr_line' id='line_1_36' title="bbox 298 3793 1490 3891; baseline 0.004 -30"><span class='ocrx_word' id='word_1_304' title='bbox 298 3793 424 3884; x_wconf 80' lang='lat' dir='ltr'><strong>Actiplv.</strong></span> <span class='ocrx_word' id='word_1_305' title='bbox 470 3799 594 3867; x_wconf 84' lang='lat' dir='ltr'><strong>Exivit.</strong></span> <span class='ocrx_word' id='word_1_306' title='bbox 619 3819 696 3888; x_wconf 84' lang='lat' dir='ltr'><strong>ergo</strong></span> <span class='ocrx_word' id='word_1_307' title='bbox 741 3801 844 3879; x_wconf 76' lang='lat' dir='ltr'><strong>lesus,</strong></span> <span class='ocrx_word' id='word_1_308' title='bbox 893 3819 957 3867; x_wconf 92' lang='lat' dir='ltr'><strong>non</strong></span> <span class='ocrx_word' id='word_1_309' title='bbox 983 3800 1125 3869; x_wconf 89' lang='lat' dir='ltr'><strong>intmtur.</strong></span> <span class='ocrx_word' id='word_1_310' title='bbox 1150 3802 1208 3870; x_wconf 92' lang='lat' dir='ltr'><strong>Ille</strong></span> <span class='ocrx_word' id='word_1_311' title='bbox 1228 3804 1358 3891; x_wconf 84' lang='lat' dir='ltr'><strong>sanguis</strong></span> <span class='ocrx_word' id='word_1_312' title='bbox 1382 3804 1416 3866; x_wconf 89' lang='lat' dir='ltr'><strong>in</strong></span> <span class='ocrx_word' id='word_1_313' title='bbox 1440 3822 1490 3866; x_wconf 70' lang='lat' dir='ltr'><strong>re</strong></span> 
     </span>
     <span class='ocr_line' id='line_1_37' title="bbox 244 3894 1487 3987; baseline -0.003 -26"><span class='ocrx_word' id='word_1_314' title='bbox 244 3898 385 3981; x_wconf 22' lang='lat' dir='ltr'><strong>*portans</strong></span> <span class='ocrx_word' id='word_1_315' title='bbox 425 3909 575 3973; x_wconf 79' lang='lat' dir='ltr'><strong>coronam</strong></span> <span class='ocrx_word' id='word_1_316' title='bbox 618 3894 783 3984; x_wconf 83' lang='lat' dir='ltr'><strong>spineam,</strong></span> <span class='ocrx_word' id='word_1_317' title='bbox 817 3902 850 3959; x_wconf 92' lang='lat' dir='ltr'><strong>et</strong></span> <span class='ocrx_word' id='word_1_318' title='bbox 896 3894 1077 3961; x_wconf 90' lang='lat' dir='ltr'><strong>missionem</strong></span> <span class='ocrx_word' id='word_1_319' title='bbox 1094 3894 1187 3962; x_wconf 82' lang='lat' dir='ltr'><strong>lusus</strong></span> <span class='ocrx_word' id='word_1_320' title='bbox 1202 3908 1250 3964; x_wconf 91' lang='lat' dir='ltr'><strong>est</strong></span> <span class='ocrx_word' id='word_1_321' title='bbox 1272 3905 1487 3987; x_wconf 84' lang='lat' dir='ltr'><strong>peccatorum:</strong></span> 
     </span>
     <span class='ocr_line' id='line_1_38' title="bbox 185 3984 1490 4078; baseline 0.006 -31"><span class='ocrx_word' id='word_1_322' title='bbox 185 4042 186 4047; x_wconf 75' lang='grc'>,</span> <span class='ocrx_word' id='word_1_323' title='bbox 253 4002 455 4075; x_wconf 84' lang='lat' dir='ltr'><strong>purpureum</strong></span> <span class='ocrx_word' id='word_1_324' title='bbox 479 3988 723 4067; x_wconf 85' lang='lat' dir='ltr'><strong>vestimentum,</strong></span> <span class='ocrx_word' id='word_1_325' title='bbox 744 3996 779 4055; x_wconf 85' lang='lat' dir='ltr'><strong>et</strong></span> <span class='ocrx_word' id='word_1_326' title='bbox 801 3984 849 4053; x_wconf 87' lang='lat' dir='ltr'><strong>di·</strong></span> <span class='ocrx_word' id='word_1_327' title='bbox 895 4008 981 4075; x_wconf 90' lang='lat' dir='ltr'><strong>aqua</strong></span> <span class='ocrx_word' id='word_1_328' title='bbox 1004 3986 1061 4071; x_wconf 85' lang='lat' dir='ltr'><strong>illa¹</strong></span> <span class='ocrx_word' id='word_1_329' title='bbox 1082 3988 1220 4056; x_wconf 88' lang='lat' dir='ltr'><strong>salutare</strong></span> <span class='ocrx_word' id='word_1_330' title='bbox 1244 3998 1398 4077; x_wconf 85' lang='lat' dir='ltr'><strong>temperat</strong></span> <span class='ocrx_word' id='word_1_331' title='bbox 1430 4008 1490 4078; x_wconf 88' lang='lat' dir='ltr'><strong>po-</strong></span> 
     </span>
     <span class='ocr_line' id='line_1_39' title="bbox 184 4073 1489 4181; baseline 0.004 -38"><span class='ocrx_word' id='word_1_332' title='bbox 184 4106 187 4113; x_wconf 48' lang='lat'>*</span> <span class='ocrx_word' id='word_1_333' title='bbox 255 4078 302 4157; x_wconf 74' lang='lat' dir='ltr'><strong>xit</strong></span> <span class='ocrx_word' id='word_1_334' title='bbox 324 4073 379 4145; x_wconf 78' lang='lat' dir='ltr'><strong>cis</strong></span> <span class='ocrx_word' id='word_1_335' title='bbox 404 4074 487 4147; x_wconf 84' lang='lat' dir='ltr'><strong>Ecce</strong></span> <span class='ocrx_word' id='word_1_336' title='bbox 510 4078 624 4145; x_wconf 85' lang='lat' dir='ltr'><strong>Homo.</strong></span> <span class='ocrx_word' id='word_1_337' title='bbox 896 4079 1018 4161; x_wconf 89' lang='lat' dir='ltr'><strong>culum;</strong></span> <span class='ocrx_word' id='word_1_338' title='bbox 1044 4079 1122 4147; x_wconf 87' lang='lat' dir='ltr'><strong>hacc</strong></span> <span class='ocrx_word' id='word_1_339' title='bbox 1145 4093 1178 4147; x_wconf 89' lang='lat' dir='ltr'><strong>et</strong></span> <span class='ocrx_word' id='word_1_340' title='bbox 1200 4082 1362 4150; x_wconf 88' lang='lat' dir='ltr'><strong>lavacrum</strong></span> <span class='ocrx_word' id='word_1_341' title='bbox 1396 4103 1489 4181; x_wconf 81' lang='lat' dir='ltr'><strong>prae-</strong></span> 
     </span>
     <span class='ocr_line' id='line_1_40' title="bbox 456 4170 1489 4267; baseline 0.001 -28"><span class='ocrx_word' id='word_1_342' title='bbox 456 4170 574 4239; x_wconf 86' lang='lat' dir='ltr'><strong>Psclm.</strong></span> <span class='ocrx_word' id='word_1_343' title='bbox 599 4172 653 4239; x_wconf 81' lang='lat'><strong>73.</strong></span> <span class='ocrx_word' id='word_1_344' title='bbox 769 4218 774 4233; x_wconf 84' lang='lat'><em>.</em></span> <span class='ocrx_word' id='word_1_345' title='bbox 896 4182 968 4255; x_wconf 86' lang='lat' dir='ltr'><strong>stat,</strong></span> <span class='ocrx_word' id='word_1_346' title='bbox 986 4184 1025 4246; x_wconf 80' lang='lat' dir='ltr'><strong>‚et</strong></span> <span class='ocrx_word' id='word_1_347' title='bbox 1047 4183 1168 4263; x_wconf 85' lang='lat' dir='ltr'><strong>potum.</strong></span> <span class='ocrx_word' id='word_1_348' title='bbox 1194 4175 1263 4242; x_wconf 88' lang='lat' dir='ltr'><strong>Hoc</strong></span> <span class='ocrx_word' id='word_1_349' title='bbox 1278 4176 1489 4267; x_wconf 77' lang='lat' dir='ltr'><strong>praenuncia·</strong></span> 
     </span>
    </p>

    <p class='ocr_par' dir='ltr' id='par_1_15' title="bbox 262 4260 1490 4363">
     <span class='ocr_line' id='line_1_41' title="bbox 262 4260 1490 4363; baseline 0.006 -31"><span class='ocrx_word' id='word_1_350' title='bbox 262 4263 325 4363; x_wconf 66' lang='lat' dir='ltr'><strong>:Ul</strong></span> <span class='ocrx_word' id='word_1_351' title='bbox 348 4260 427 4355; x_wconf 85' lang='lat' dir='ltr'><strong>quid</strong></span> <span class='ocrx_word' id='word_1_352' title='bbox 441 4264 526 4337; x_wconf 86' lang='lat' dir='ltr'><strong>Deus</strong></span> <span class='ocrx_word' id='word_1_353' title='bbox 542 4265 686 4362; x_wconf 85' lang='lat' dir='ltr'><strong>repulisti</strong></span> <span class='ocrx_word' id='word_1_354' title='bbox 698 4264 851 4343; x_wconf 84' lang='lat' dir='ltr'><strong>inlinem.</strong></span> <span class='ocrx_word' id='word_1_355' title='bbox 899 4265 964 4348; x_wconf 80' lang='lat' dir='ltr'><strong>hat,</strong></span> <span class='ocrx_word' id='word_1_356' title='bbox 999 4265 1088 4356; x_wconf 86' lang='lat' dir='ltr'><strong>quod</strong></span> <span class='ocrx_word' id='word_1_357' title='bbox 1113 4267 1182 4337; x_wconf 86' lang='lat' dir='ltr'><strong>Noe</strong></span> <span class='ocrx_word' id='word_1_358' title='bbox 1205 4268 1361 4345; x_wconf 85' lang='lat' dir='ltr'><strong>inlatere</strong></span> <span class='ocrx_word' id='word_1_359' title='bbox 1395 4272 1490 4339; x_wconf 71' lang='lat' dir='ltr'><strong>arcae</strong></span> 
     </span>
    </p>
   </div>
   <div class='ocr_carea' id='block_1_7' title="bbox 0 0 1811 5034">
    <p class='ocr_par' dir='ltr' id='par_1_16' title="bbox 0 0 1811 5034">
     <span class='ocr_line' id='line_1_42' title="bbox 0 0 1811 5034; baseline 0 0"><span class='ocrx_word' id='word_1_360' title='bbox 0 0 1811 5034; x_wconf 95' lang='lat' dir='ltr'><strong> </strong></span> 
     </span>
    </p>
   </div>
  </div>
 </body>
</html>
