3584 5034
324 661 392 751 tto
464 689 487 696 ⁴·
607 679 610 684 ·
747 659 1124 730 maurocenorum
1183 681 1186 688 ’

319 770 505 840 creaturamr
528 769 727 862 ego‘lecl'lo
751 772 851 842 coelis
873 782 911 840 ut
934 771 998 852 “de
1019 769 1066 842 ea:
1091 775 1210 842 Hortus
1247 771 1450 855 conclusus,
1472 773 1550 862 locs„

317 864 475 934 oriretur*
496 863 622 944 lumen
651 864 843 935 indeficiens.
876 863 900 908 *
953 868 1104 957 signatus,
1128 866 1312 935 emissiones
1336 863 1546 958 tuaeparadi÷

316 957 466 1026 Nondum
500 969 590 1028 erant
620 957 753 1052 abyssi,
776 956 812 1028 et
845 980 905 1052 ego
954 983 1018 1030 sus.
1044 962 1122 1029 Vere
1146 961 1256 1028 hortus
1278 959 1487 1040 deliciarum,
1512 960 1544 1029 in

202 1053 204 1058 ’
311 1052 380 1140 jam
402 1062 557 1143 concepta
579 1075 675 1133 eram,
953 1075 1019 1144 qno
1036 1057 1157 1124 consita
1174 1065 1249 1122 sunt
1267 1051 1546 1122 universaliorum

361 1143 391 1210 ri.
415 1145 516 1212 Deus
532 1147 617 1213 enim
641 1146 759 1214 creavit
780 1168 833 1214 me
873 1148 906 1214 iu
952 1169 1077 1236 genera,
1103 1158 1133 1214 et
1156 1146 1365 1214 odoramenta
1384 1149 1545 1214 virtutum:

310 1237 442 1325 justitia,
465 1247 497 1307 et
531 1238 739 1329 apprehendit
777 1253 909 1307 manum
955 1241 1066 1330 sicque
1074 1241 1260 1320 conclusus,
1278 1250 1314 1306 ut
1331 1243 1450 1311 nesciat
1480 1241 1546 1312 vio'·

314 1351 429 1413 meam,
455 1340 487 1399 et
504 1335 645 1409 ¹servavit
661 1354 721 1400 mo.
742 1333 904 1400 Nondum.
951 1333 1007 1399 lari
1021 1355 1125 1423 neque
1141 1334 1301 1423 corrumpi
1320 1333 1392 1400 ullis
1417 1333 1545 1402 insirlia·

535 1423 695 1494 Laetior.
950 1449 1021 1498 rum
1048 1426 1332 1508 fraudibusllons
1353 1425 1469 1516 ,iraque
1504 1426 1546 1497 si·

314 1470 418 1585 Non
440 1518 597 1587 immerito
609 1519 705 1609 igitur
728 1521 837 1588 venire
860 1518 904 1602 de
948 1529 1061 1610 gnatus
1085 1519 1187 1608 sigillo
1211 1520 1307 1590 totius
1339 1519 1503 1590 Trinitatis.

314 1609 438 1680 Libano
472 1611 615 1700 jubetur,
655 1613 731 1702 quia
764 1612 903 1680 Libanus
996 1607 1035 1688 ll
1064 1613 1146 1679 Nihil
1182 1614 1380 1704 inquinatum
1409 1615 1439 1680 in
1474 1633 1544 1682 eam

315 1700 496 1782 candidatio
538 1707 770 1800 interpretatur.
823 1708 899 1772 Erat
946 1705 1087 1773 incurrit:
1111 1706 1132 1748 ³¹⁶
1158 1707 1283 1792 Candor
1312 1715 1359 1774 est
1388 1705 1468 1774 lucis
1492 1727 1545 1778 ac-

314 1798 399 1867 eoim
423 1795 589 1864 candidata
601 1798 708 1866 multis
720 1800 904 1869 meritorum
951 1809 1058 1867 ternae
1082 1809 1113 1866 et
1135 1799 1300 1889 speculum
1325 1799 1392 1866 sine
1409 1796 1544 1868 macula.

313 1889 496 1969 virtutibus,
521 1891 709 1970 etdealbata
732 1896 806 1962 nive
828 1913 905 1959 can·
999 1897 1026 1958 rt.
1051 1893 1106 1960 Est
1129 1896 1213 1960 euim
1253 1891 1330 1958 haec
1364 1891 1543 1981 speciosior

316 1981 430 2064 didim,
441 1984 575 2074 Spiritus
591 1987 696 2053 Sancti
712 1986 908 2066 muneribus,
954 1981 1031 2066 sole,
1056 1994 1087 2052 et
1109 1985 1172 2051 luci
1188 1993 1370 2074 comparata
1384 1983 1544 2054 iuvenitur

311 2075 546 2168 simplicitatem
577 2078 745 2147 columbae
763 2082 800 2144 io
836 2100 905 2147 om·
951 2077 1074 2170 purior.
1098 2077 1224 2165 Candor
1247 2087 1303 2144 est
1528 2073 1531 2080 ’

313 2166 409 2245 nibus
448 2181 713 2259 repraesentans,
754 2175 906 2260 quoniam
1142 2173 1255 2240 *Lcct
1278 2191 1319 2237 rr.

314 2260 474 2354 quidquid
510 2263 543 2353 in
564 2284 603 2330 eu
625 2274 749 2350 gestum
777 2275 834 2346 est,
858 2275 907 2331 to-
933 2219 1137 2356 ‘neipaoae
1160 2275 1264 2332 autem
1282 2261 1464 2352 Virginis'iu
1479 2283 1542 2336 sua
1663 2289 1664 2334 i

314 2363 384 2449 ΨΜ
400 2355 522 2444 puritas
538 2365 571 2422 el
586 2357 780 2446 simplicitas,
806 2368 906 2425 totum
954 2358 1166 2448 conceptione
1190 2358 1231 2424 de
1255 2359 1412 2426 teterrimo
1430 2353 1542 2426 liuma-
1663 2385 1664 2406 2

309 2444 429 2541 *ueritas
452 2459 483 2514 et
506 2447 605 2538 gratia
630 2449 699 2532 luit;
723 2460 823 2517 totum
850 2451 907 2521 ot
955 2451 1128 2542 nigeueris
1145 2451 1234 2518 hosta
1251 2450 1426 2532 victoriam,
1441 2471 1539 2537 quam

314 2539 486 2609 sericordia
508 2552 556 2608 -et
573 2541 716 2631 justitia,
740 2544 826 2634 quae
864 2541 906 2610 cc
952 2542 1058 2610 diuina
1082 2543 1219 2634 eloquia,
1244 2543 1425 2610 ueneranda
1446 2541 1540 2612 tradi·

314 2633 406 2704 coelo
429 2635 598 2731 prospexit:
615 2636 729 2705 etideo
752 2640 907 2705 immacu»
953 2639 1007 2718 tio,
1032 2646 1204 2724 perpetuus
1229 2635 1387 2704 Ecclesiae
1415 2657 1540 2716 sensus,

313 2723 388 2808 lata,
412 2727 487 2817 quia
504 2729 639 2808 in‘nullo
655 2742 813 2820 corrupta.
838 2730 906 2796 Cir·
951 2729 1121 2818 siogul'nrie
1144 2729 1374 2836 Episcoporum
1399 2749 1436 2796 ac
1461 2727 1541 2798 fide·
1663 2735 1664 2754 ¹

315 2819 480 2890 cumdcdit
501 2822 585 2888 enim
609 2823 712 2889 virum
738 2825 768 2890 in
800 2822 901 2903 utero,
951 2821 1030 2888 lium
1054 2825 1257 2914 conspiratio,
1284 2823 1419 2910 insignia
1459 2843 1542 2910 quc·

309 2910 399 2984 ,siem
420 2915 571 2981 ieremias
605 2926 734 2983 sanctus
765 2927 906 2996 testatur,
953 2937 1018 3005 que
1041 2936 1239 2983 summorum
1264 2915 1451 2984 Pontificum
1472 2925 1543 2984 acta
1663 2949 1664 3028 p

315 3013 348 3072 et
372 3023 435 3072 nco
458 3006 586 3074 aliunde
620 3011 749 3098 accepit.
785 3011 901 3089 Faciet,
949 3021 1047 3099 atque
1064 3009 1308 3080 Constitutioncs
1326 3007 1456 3082 mirifice
1472 3005 1538 3096 jam

313 3098 445 3188 inquit,
471 3099 623 3172 Dominus
664 3122 783 3168 novum
807 3123 905 3192 super
952 3101 1159 3181 illustrabant
1186 3104 1259 3168 Pius
1283 3102 1395 3170 Nonus
1419 3101 1541 3167 ¹Ponti·
1663 3185 1664 3190 ἵ

313 3198 455 3275 terram,
492 3203 525 3260 et
548 3194 662 3260 mulier
697 3192 907 3261 circumdabit
954 3195 1004 3262 lex
1028 3195 1180 3278 Maximus
1196 3195 1291 3262 totius
1310 3193 1467 3266 Ecclesiae
1482 3212 1541 3260 vc·

313 3283 426 3352 virum.
450 3286 531 3354 llere
554 3308 685 3367 novum,
710 3297 742 3359 et
764 3287 907 3357 omnium
954 3289 993 3354 tis
1017 3309 1159 3355 annuens
1184 3290 1289 3354 statuit
1313 3307 1462 3376 supremo
1478 3306 1542 3354 suo
1663 3313 1664 3334 i

313 3379 489 3446 novitatum
513 3381 751 3469 supereminens
782 3381 904 3448 novitas
952 3390 1048 3470 atque
1074 3380 1228 3448 infallibili
1242 3379 1370 3446 oraculo
1387 3377 1542 3447 solemnit

312 3469 476 3552 virtutum,
505 3471 634 3561 quando
669 3475 752 3540 Deus
792 3471 901 3565 (quem
948 3473 1210 3564 terproclamare.
1225 3474 1334 3561 ltaque
1361 3481 1450 3540 sexto
1464 3471 1540 3542 idus

311 3561 394 3630 lcrre
418 3585 481 3630 non
507 3573 610 3654 potest
634 3565 783 3647 mondus,
797 3587 903 3656 neque
950 3565 1134 3634 Decembris
1157 3566 1231 3632 aoni
1255 3566 1413 3634 millesimi
1438 3567 1539 3632 octiu-

313 3654 422 3725 videre
445 3657 560 3747 aliquis
599 3669 634 3724 ut
664 3661 770 3726 vivere
794 3657 903 3750 possit]
951 3659 1112 3746 gentesimi
1137 3658 1391 3749 quinquagesimi
1432 3659 1538 3748 quarti

312 3748 359 3816 sic
381 3745 544 3838 ingressus
568 3760 616 3819 est
631 3751 803 3842 hospitium
827 3773 904 3836 reu-
952 3753 982 3818 io
1008 3751 1136 3818 Basilica
1161 3752 1309 3819 Vaticana
1327 3751 1442 3842 ingenti
1459 3753 1539 3822 San-

312 3843 383 3934 trisp
406 3850 441 3910 ut
464 3845 606 3936 corporis
646 3844 821 3912 claustrum
848 3867 903 3914 ne·
949 3853 1020 3912 cta'e
1045 3845 1202 3914 Romanae
1226 3845 1386 3916 Ecclesiae
1410 3847 1538 3914 Petrum

312 3937 416 4004 sciret:
439 3940 553 4029 sicque
575 3947 725 4030 gestatus,
755 3948 791 4006 ut
815 3948 902 4005 totus
949 3937 1173 4018 cardinalium,
1198 3950 1229 4007 et
1254 3939 1481 4030 Episcoporurn
1498 3958 1539 4008 ex

310 4024 399 4096 Deus
422 4030 454 4096 in
477 4050 517 4100 eo
556 4044 647 4101 esset:
671 4040 703 4099 et
725 4031 770 4097 sic
804 4031 900 4104 exivit
946 4029 1063 4098 dissitis
1085 4033 1179 4098 etiam
1203 4033 1385 4120 regionibus
1408 4032 1536 4100 adstan-

313 4119 400 4203 iode,
424 4132 460 4189 ut
482 4134 565 4193 esset
587 4123 680 4215 (sicut
704 4123 845 4192 Ezechiel
860 4123 905 4190 lu
951 4133 982 4192 te
1006 4138 1111 4206 coetu,
1136 4127 1351 4217 universoque
1366 4123 1538 4218 plaudente
1656 4172 1660 4188 .

311 4207 414 4303 teturl'
429 4213 520 4305 porta
542 4218 673 4287 omuino
696 4216 813 4286 clausa.
837 4216 904 4285 llo·
950 4216 1028 4285 orbe
1051 4218 1233 4287 solemniter
1254 4219 1475 4310 pronunciarit
1497 4233 1537 4282 ac

313 4302 355 4372 de
393 4309 516 4376 canitur
538 4311 571 4378 in
605 4309 724 4380 eisdem
764 4307 901 4380 taureis
948 4307 1099 4380 delinivit:
1124 4311 1305 4384 Docuioam
1330 4329 1412 4402 quac
1451 4319 1539 4380 tenet
