3584 5034
703 667 829 734 rnsra
853 665 1079 734 uacanarns
1107 733 1108 738 Ν
1436 625 1501 736 ros

269 782 365 848 nostri
389 781 513 870 generis
536 801 626 870 spem
642 777 774 847 mirifice
791 799 859 847 ere
976 776 1114 846 Homilia
1137 780 1237 846 saneti
1262 778 1432 872 Sophronii

270 875 315 942 xit
338 875 496 964 inquiens:
534 873 716 939 Inimicitias
748 892 866 963 ponam
1135 873 1282 964 Episcopi

269 971 407 1039 intente
431 977 463 1035 et
486 966 649 1034 mulierem
685 977 717 1034 et
751 986 860 1032 semen
932 965 1051 1034 Homil.
1069 963 1103 1032 in
1121 965 1278 1056 Deiporoe
1297 966 1477 1037 denuntior.

271 1073 363 1127 tuum
385 1071 418 1128 et
440 1083 547 1128 semen
580 1059 674 1140 illius,
715 1057 863 1126 docuere:
951 1103 971 1164 7

270 1152 379 1222 divino
404 1154 465 1220 boc
487 1152 617 1220 oraculo
652 1152 737 1218 clare
773 1171 864 1242 aper·
912 1103 1026 1220 Vere
1050 1151 1215 1220 benedicta
1240 1163 1273 1219 tu
1299 1154 1330 1218 in
1361 1152 1500 1222 mulieri-

269 1247 619 1337 tequedemoustratum
632 1246 730 1313 luisse
743 1245 862 1311 miseri·
909 1245 982 1324 bus,
1009 1249 1159 1336 quoniam
1186 1247 1268 1313 Evae
1305 1247 1500 1314 maledictio-

270 1340 553 1408 cordem'humani
578 1342 701 1428 generis
726 1337 860 1405 Redem-
909 1340 1036 1406 nemin
1064 1339 1315 1406 benedictionem
1356 1360 1500 1408 commu-

267 1443 403 1526 ptorem,
428 1433 547 1501 seilicet
569 1432 772 1520 Unigenitum
804 1431 861 1497 Dei
908 1434 989 1512 tasti3
1016 1435 1165 1522 quoniam
1192 1431 1303 1513 Adam,
1331 1436 1385 1524 qui
1412 1435 1499 1524 prius

271 1527 384 1594 Filium
411 1526 702 1594 Christum'lesum
725 1543 761 1590 ac
778 1522 863 1591 desi-
906 1525 1032 1614 jacebat
1055 1529 1255 1594 execratione
1269 1527 1446 1616 perculsus,
1465 1539 1499 1592 ut

271 1621 396 1707 gnatam
414 1619 624 1686 beatissimam
641 1619 717 1709 Ejus
734 1619 863 1684 Matrem
909 1639 968 1708 per
991 1617 1036 1686 'te
1076 1619 1315 1688 benediceretur
1361 1619 1499 1702 effecisti.

271 1714 430 1802 Virginem
447 1713 587 1793 Mariam,
604 1734 641 1788 ac
657 1711 752 1778 simul
772 1711 863 1800 ipsis·
910 1713 988 1778 Vere
1012 1711 1179 1780 benedicta
1203 1724 1235 1779 tu
1263 1716 1294 1778 in
1314 1712 1500 1798 mulieribus

271 1807 367 1874 simas
391 1806 560 1896 utriusque
575 1818 685 1872 contra
700 1802 861 1871 diabolum
912 1807 1064 1894 quoniam
1091 1805 1266 1873 benedictio
1282 1799 1381 1873 Patris
1398 1829 1453 1896 per
1470 1819 1500 1874 te

272 1892 460 1966 inimicitias
486 1900 647 1987 insigniter
688 1919 862 1987 expressas.
910 1897 1025 1966 affulsit
1050 1897 1241 1978 bominibus
1266 1921 1387 1988 eosque
1411 1921 1501 1966 ave·

269 1978 427 2074 Quocirca
450 1993 533 2059 siout
556 1992 700 2070 Christus
724 1991 778 2057 Dei
804 1989 861 2055 bo·
910 1992 968 2058 teri
994 1991 1159 2058 maledicto
1178 1991 1329 2058 liberavit.
1349 1993 1427 2058 Vere
1444 1991 1499 2060 be-

269 2086 457 2173 mirumque
472 2084 636 2164 mediator,
655 2085 793 2150 bumana
808 2105 860 2150 as·
908 2085 1033 2152 nedicta
1057 2096 1091 2151 tu
1117 2086 1147 2150 in
1180 2083 1375 2163 mulieribus,
1425 2087 1500 2174 quia

269 2189 397 2268 sumpta
421 2187 544 2257 natura,
569 2177 678 2244 delens
696 2176 783 2265 quod
801 2175 858 2241 ad·
905 2198 962 2268 per
986 2189 1016 2244 to
1040 2179 1257 2268 progenitores
1281 2179 1326 2244 tui
1363 2179 1497 2246 salutern

268 2292 382 2338 uersus
406 2290 464 2336 nos
499 2279 571 2348 ,erat
610 2269 855 2358 chirographum
904 2272 1079 2351 inv-animm
1105 2282 1138 2340 tu
1164 2271 1321 2362 siquidem
1356 2273 1500 2360 genitura

268 2363 398 2443 decreti,
422 2362 500 2429 illud
525 2363 612 2456 cruci
647 2361 859 2451 triumphator
905 2383 940 2430 es
964 2365 1174 2444 Servatorem,
1191 2367 1246 2454 qui
1265 2364 1402 2438 divinam
1422 2367 1498 2456 ipsis

269 2455 377 2534 affixit,
403 2457 448 2524 sic
465 2456 661 2523 sanctissima
679 2455 786 2543 Virgo,
810 2474 862 2519 ar·
909 2456 1042 2522 salutem
1067 2457 1272 2546 comparabit.
1299 2460 1378 2526 Vere
1403 2458 1498 2526 bene·

269 2551 410 2618 ctissimo
434 2561 466 2618 et
490 2547 698 2616 indissolubili
731 2547 859 2614 vinculo
908 2548 991 2614 dicta
1015 2558 1049 2615 tu
1076 2550 1104 2614 in
1130 2549 1326 2630 mulieribus,
1346 2553 1498 2639 quoniam

271 2665 346 2709 cum
377 2645 423 2712 Eo
458 2645 649 2731 conjuncta,
685 2664 750 2708 una
784 2662 860 2706 cum
907 2641 974 2708 sin'c
998 2643 1117 2708 semine
1140 2665 1213 2708 eum
1239 2643 1394 2732 protulisti
1432 2645 1499 2710 lru··

262 2735 332 2805 ,Illo
371 2746 403 2802 et
426 2757 483 2825 per
507 2736 598 2802 lllum
619 2788 627 2815 ,
651 2735 858 2824 sempiternas
905 2743 1003 2814 ctum,
1028 2737 1084 2825 qui
1109 2734 1362 2808 benedictionem
1397 2747 1480 2804 terra

271 2839 381 2895 contra
398 2851 592 2896 venenosum
610 2840 787 2915 serpentem
803 2826 861 2892 ini·
909 2849 979 2894 rum
1005 2827 1076 2894 orbi
1101 2829 1261 2916 elargitur,
1289 2830 1459 2920 ipsumque
1479 2852 1499 2898 a

271 2921 402 2988 micitias
424 2942 574 2990 exercens
597 2941 635 2986 ac
652 2919 778 3010 deipso
793 2919 860 3010 ple·
909 2919 1129 2989 maledictione
1159 2923 1265 3013 spinas
1305 2924 1498 3030 germinante

271 3015 398 3083 nissime
422 3014 630 3105 triumphans,
658 3013 743 3079 illius
766 3024 864 3105 caput
911 3013 1045 3082 redimit.
1085 3018 1163 3083 Vere
1204 3014 1367 3083 benedicta
1407 3016 1497 3088 tuin

271 3107 475 3175 immaculato
498 3106 580 3199 pede
605 3107 758 3175 contrivit.
909 3108 1106 3187 mulieribus,
1132 3112 1208 3198 quia
1234 3109 1347 3176 mulier
1363 3109 1497 3175 naturali

318 3205 350 3281 d.
376 3202 507 3291 Signum
534 3222 692 3290 magnum.
911 3201 1090 3269 conditione
1115 3225 1194 3269 cum·
1212 3205 1264 3283 sic,
1301 3204 1363 3268 Dei
1392 3215 1496 3270 tamen

299 3301 301 3305 ’
374 3295 417 3360 ΙΝ
443 3296 499 3362 111.
524 3294 746 3362 NOCTURNO
909 3295 1048 3360 Genitrix
1075 3297 1175 3385 reipsa
1216 3295 1282 3362 fies.
1323 3293 1497 3362 Etenim'si

316 3387 424 3456 tectio
447 3389 546 3456 sancti
570 3387 733 3477 Evangelii
746 3409 862 3455 secun·
910 3389 964 3476 qul
990 3410 1029 3453 ex
1056 3400 1085 3455 te
1110 3389 1287 3467 nasciturus
1312 3400 1359 3455 est
1382 3410 1497 3456 secun-

272 3478 350 3547 dum
377 3483 506 3551 lucam.
909 3480 985 3546 dum
1012 3482 1170 3548 veritatem
1199 3484 1283 3550 Deus
1307 3493 1355 3549 est
1394 3484 1497 3548 incar·

352 3575 433 3643 Loci.
455 3595 507 3642 vn.
704 3577 780 3662 Cap.
809 3575 836 3638 l.
907 3583 1010 3651 natus,
1036 3575 1101 3664 ipsa
1120 3577 1194 3664 jure
1218 3579 1393 3665 meritoque
1410 3575 1496 3642 dice-

272 3620 327 3743 Vn
352 3665 406 3732 illo
430 3678 579 3758 tempore:
604 3669 717 3736 Missus
729 3678 776 3734 est
795 3671 859 3732 An·
904 3667 947 3733 ris
974 3669 1115 3758 Deipara,
1143 3669 1262 3763 quippe
1277 3663 1371 3758 ¹quae
1394 3669 1495 3736 Deum

273 3759 365 3848 gelus
388 3759 511 3829 Gabriel
535 3781 555 3826 a
581 3763 659 3854 Deo·
689 3761 719 3827 in
748 3760 863 3826 Civita-
911 3763 1073 3827 verissime
1097 3765 1189 3850 paris.

271 3865 336 3919 tem
361 3852 527 3934 Galilaeae,
552 3855 604 3922 cui
630 3875 745 3920 nomen
762 3853 862 3919 Naza-
955 3860 986 3930 d.
1012 3855 1129 3930 Hortus
1154 3854 1334 3922 conclusus.

272 3943 351 4024 reth,
376 3945 417 4011 ad
442 3947 598 4035 Virginem
639 3947 860 4036 desponsatam
1118 3949 1198 4016 Lect.
1221 3968 1286 4014 rrn.

270 4041 345 4106 Viro
368 4039 421 4106 cui
446 4061 561 4107 noman
585 4050 652 4107 erat
676 4039 795 4128 ioseph
817 4039 860 4116 de
909 3990 984 4106 Ne
1000 4041 1111 4107 timeas
1130 4041 1234 4122 Maria,
1251 4037 1395 4108 invenisti
1411 4038 1495 4108 enirn

270 4132 367 4200 domo
391 4132 503 4211 Dauid,
527 4146 559 4201 et
583 4153 698 4202 nomen
722 4132 858 4222 Virginis
906 4130 990 4223 apud
1020 4135 1117 4200 beorn
1144 4134 1271 4222 gratiam
1313 4133 1415 4222 perire
1439 4154 1494 4198 ne-

270 4225 375 4294 llaria.
401 4227 440 4293 Et
457 4225 588 4316 reliqua.
908 4227 1017 4307 sciann
1044 4227 1192 4312 invenisti
1204 4225 1407 4319 apudllcum
1425 4222 1496 4314 grass
