3584 5034
785 593 911 674 insin
939 595 1081 676 deum

360 707 486 776 ¹Grato
509 728 642 779 servans.
663 716 806 789 rodomo,
906 771 909 772 γ
951 708 1024 801 guis
1047 706 1231 791 hircorum,
1249 718 1282 777 et
1303 720 1479 793 taurorum,
1510 720 1543 781 et

389 800 553 891 O-solutis
575 800 786 893 sempiternae
954 801 1034 871 ciuis
1058 800 1176 869 vitulae
1190 822 1352 894 aspersus,
1363 802 1544 892 inquinatos

387 895 471 975 θυι,
491 904 527 965 et
548 904 662 967 auctor
684 894 841 989 inclyte„
951 893 1127 973 sanctificet
1140 894 1181 962 ed
1196 895 1454 977 emundationem
1473 915 1544 963 cer*

388 988 450 1068 Qui
475 998 573 1056 tenes
587 986 679 1073 heato
700 1009 799 1079 regna
957 989 1015 1057 uis:
1038 988 1283 1079 quantomagis
1305 990 1434 1079 sanguis
1456 988 1545 1057 Chri-

388 1082 468 1151 Com
500 1082 653 1162 Parente,
675 1090 721 1153 ¹ct
756 1080 908 1173 Spiritm
957 1082 1015 1162 sti,
1048 1080 1103 1173 qui
1138 1103 1197 1173 per
1226 1082 1376 1174 Spiritum
1400 1091 1546 1150 sanctum

355 1242 357 1245 .
434 1180 546 1247 tmen.
851 1238 854 1249 ,
955 1176 1161 1268 semetipsum
1176 1174 1292 1256 obtulit
1305 1176 1546 1243 immacutatum

373 1330 377 1335 ,
433 1264 487 1341 ΙΝ,
503 1268 527 1335 Ι.
560 1266 791 1337 NOCTURNO.
958 1269 1036 1347 Deo,
1053 1267 1238 1337 emundabit
1248 1270 1473 1337 conscientiam
1490 1290 1548 1338 no·

367 1359 491 1451 Antiph.
517 1364 689 1453 Postquam
707 1381 911 1441 consummer
958 1373 1054 1438 stram
1086 1360 1127 1428 ab
1159 1362 1310 1453 operibus
1341 1364 1475 1433 mortuis
1506 1362 1548 1431 od

232 1480 235 1489 ’
319 1454 339 1521 ti
366 1465 440 1521 sunt
463 1454 531 1524 dies
556 1466 654 1535 octo,
682 1464 718 1524 ut
742 1455 913 1532 circumci·
961 1454 1163 1523 serviendum
1196 1456 1264 1523 Deo
1293 1456 1435 1524 viventi?
1459 1456 1499 1524 Et
1522 1458 1546 1522 i·
1590 1529 1593 1542 y

320 1548 448 1617 deretur
461 1549 554 1629 Puer,
567 1560 715 1621 vocatum
728 1559 777 1615 est
791 1565 909 1615 nomen
957 1548 1019 1617 deo
1037 1549 1109 1615 novi
1127 1551 1305 1631 testamenti
1317 1548 1474 1628 mediator
1486 1560 1547 1630 est,

318 1644 388 1745 ejus
412 1644 516 1719 lesus.
896 1669 899 1679 ’
957 1653 993 1708 ut
1017 1641 1118 1709 morte
1134 1642 1356 1722 intercedente,
1374 1643 1404 1707 in
1419 1642 1548 1716 redem-

527 1724 647 1807 Psoim.
671 1736 740 1804 8.-
819 1776 832 1813 2,
956 1736 1099 1827 ptiuue'm
1111 1730 1220 1805 earum
1228 1736 1550 1828 praevaricationum,

364 1830 476 1910 Quam
494 1828 692 1898 tremuerunt
715 1838 834 1916 gentes:
955 1850 1042 1919 queo
1057 1840 1147 1897 erant
1160 1827 1222 1903 sub
1238 1829 1332 1919 priori
1350 1838 1549 1907 testamento,

364 1921 489 2011 Antiph,
517 1923 633 1995 Factus
654 1922 686 1987 in
702 1924 816 2011 agonia
832 1940 908 2012 pro·
955 1923 1232 2014 repromissionem
1271 1921 1450 2011 accipient,
1486 1922 1544 2011 qui

309 2014 411 2097 'tinius
436 2014 541 2095 orbat,
563 2024 597 2085 et
618 2016 721 2091 iactus
738 2026 785 2083 est
808 2013 912 2095 sudor
955 2017 1058 2093 receti
1084 2026 1159 2093 sunt
1175 2025 1321 2082 aeternae
1333 2012 1548 2085 haereditatis.

315 2109 395 2195 ejus,
420 2110 503 2175 sicut
525 2120 632 2197 guttae
662 2108 825 2197 sauguinis
846 2106 904 2175 de·
996 2116 1028 2189 ii.
1052 2111 1155 2189 iesus,
1190 2117 1228 2174 ut
1250 2106 1463 2176 sanctificaret
1485 2130 1545 2199 per

317 2202 529 2281 currentisiu
555 2212 669 2283 terrem
955 2224 1052 2271 suum
1077 2201 1263 2303 sanguinem
1287 2202 1468 2294 populum,
1492 2223 1550 2291 ⁰¹7

528 2294 647 2363 Psotm.
669 2296 711 2367 3.,
798 2342 829 2351 „
956 2306 1004 2361 tra
1027 2282 1150 2387 portam
1176 2317 1290 2385 passus
1318 2306 1375 2363 est:
1400 2295 1421 2337 *
1448 2296 1547 2362 Exea-

364 2386 498 2459 Domine
521 2385 598 2476 quid
617 2386 839 2477 multiplicati..
950 2411 1030 2467 „mus
1054 2390 1148 2477 igitur
1171 2388 1211 2453 ad
1228 2412 1304 2458 eom
1319 2397 1408 2456 extre
1430 2400 1544 2467 eostre,

366 2480 491 2569 euripo.
516 2478 632 2558 ludus,
657 2481 713 2571 qui
744 2502 818 2549 eum
846 2490 911 2548 tro·
958 2482 1187 2572 improperium
1210 2484 1280 2570 ejus
1305 2469 1475 2570 pertentes,

316 2571 406 2652 didit,
431 2574 623 2665 poenitentis
645 2573 777 2655 duotuS,
802 2575 910 2646 retulit
1003 2576 1032 2639 i.
1055 2572 1205 2641 Nondum
1241 2576 1337 2651 enim,
1364 2594 1470 2663 usque
1502 2572 1546 2640 ed

318 2668 445 2757 triginta
468 2678 644 2757 argenteos,
668 2668 791 2736 dicens:
830 2670 911 2736 Pee·
957 2668 1143 2756 sauguinem
1197 2666 1350 2744 restitistis
1388 2666 1544 2735 adversus

319 2761 388 2829 cavi
413 2760 541 2832 trudens
555 2762 751 2850 'sanguinem
770 2763 905 2850 justum.
952 2770 1121 2853 peccatum
1134 2770 1354 2852 repugnantes.
1377 2760 1546 2839 Essemus

366 2856 484 2922 Psaim.
513 2856 564 2919 ts.
588 2854 753 2931 Conserva
766 2878 817 2923 me
843 2855 907 2920 Do·
1188 2855 1271 2944 Leot.
1287 2876 1320 2922 n.
1397 2925 1399 2930 ,
1442 2923 1446 2933 ,

320 2948 412 3013 mine.
778 2998 780 3005 ,
955 2896 1137 3027 Ubieoim
1153 2957 1375 3019 testamentum
1388 2958 1447 3029 est,
1459 2968 1546 3016 mors
1667 2975 1668 2988 ¹

366 3038 394 3103 t.
420 3036 588 3111 Redemisti
612 3058 671 3111 uos
698 3039 837 3113 Domine.
955 3061 1089 3111 necesse
1110 3051 1159 3111 est
1183 3042 1357 3113 intercedet
1379 3042 1544 3117 testatoris
1667 3033 1668 3116 f

363 3132 394 3203 d.
420 3131 455 3197 ln
481 3129 635 3217 sauguine
659 3142 755 3199 tuo..
790 3202 793 3211 ,
958 3136 1192 3203 Testamentum
1230 3135 1315 3203 enim
1356 3134 1390 3201 in¹
1410 3134 1545 3200 mortuis

362 3226 409 3293 De
432 3222 573 3315 Epistola
598 3222 680 3296 beati
708 3223 797 3291 Pauli
822 3230 908 3318 Apo·
956 3214 1180 3296 confirmatum
1205 3239 1262 3297 est:
1286 3228 1430 3317 alioquin
1464 3245 1544 3292 uon-
1667 3195 1668 3280 i

318 3316 389 3385 stoti
414 3316 455 3384 ad
479 3314 668 3388 Hebraeos'
801 3353 804 3361 ,
953 3319 1033 3389 dum
1058 3310 1152 3399 vaiet,
1176 3320 1254 3400 dum
1279 3321 1356 3389 vivit
1370 3319 1425 3408 qui
1449 3328 1544 3387 teste·
1667 3323 1668 3394 t

317 3456 366 3566 Γ
432 3412 515 3491 Lect.
538 3431 559 3478 ι.
655 3412 822 3500 Capeti.»
924 3424 1007 3484 tus
1030 3423 1087 3482 est.
1111 3412 1204 3483 Unde
1226 3434 1286 3481 nec
1309 3413 1446 3503 primum
1471 3413 1545 3501 qui-

343 3526 367 3567 A

370 3502 487 3577 hristus
511 3504 662 3581 assistens
678 3506 830 3577 ,Pontifex
854 3507 904 3574 iu·
952 3504 1026 3573 dem
1043 3506 1112 3572 sirie
1128 3506 1283 3593 sanguino
1298 3504 1479 3573 dedicatum
1486 3516 1543 3597 est
1667 3541 1668 3544 ¹

316 3610 471 3673 tororum.
486 3597 644 3670 bonorum
667 3620 725 3689 per
756 3602 905 3692 emptius,
953 3600 1049 3665 Lecto
1073 3596 1157 3665 enim
1181 3599 1268 3673 omui
1290 3596 1446 3668 mandato·
1464 3598 1545 3689 legis
1667 3639 1668 3654 ,

316 3704 349 3763 et
371 3692 545 3785 perfectius
563 3690 809 3791 ,teherueculum
842 3712 905 3763 oon
953 3712 972 3761 a
996 3690 1105 3783 Moyse
1128 3692 1279 3781 universo
1302 3690 1438 3783 populo,
1459 3693 1544 3761 acci·
1667 3713 1668 3758 i

316 3784 692 3877 manuiec,tum.,‚idest,
719 3805 782 3853 non
808 3784 904 3873 hujus
951 3786 1043 3873 piens
1083 3786 1269 3875 sauguinem
1303 3784 1487 3866 vitulorum,
1510 3796 1543 3854 et

257 3886 266 3905 “
316 3880 494 3963 creationis,
521 3898 626 3969 neque
643 3898 701 3967 per
717 3878 904 3967 sauguinem
948 3878 1113 3955 hircorum
1137 3899 1212 3948 cum
1229 3878 1453 3970 oqua,ethus
1468 3896 1543 3947 coc·

318 3973 501 4052 hircorum,
524 3980 582 4037 out
621 3968 793 4040 vitulorum
812 4024 820 4053 ,
845 3970 903 4039 sed
951 3972 1052 4052 cinea,
1069 3983 1101 4039 et
1116 3970 1267 4065 hyssopo,
1286 3972 1392 4065 ipsum
1407 3991 1541 4061 quoque

316 4088 374 4156 per
398 4066 565 4156 proprium
581 4064 778 4152 sauguinem,
798 4065 906 4133 introi·
952 4062 1083 4144 librum,
1106 4076 1139 4133 et
1161 4087 1288 4135 ornnem
1323 4064 1480 4157 poputum
1504 4085 1540 4130 a·

318 4160 363 4221 vit
385 4158 484 4231 semei
507 4158 539 4225 in
562 4168 680 4239 mecm,
708 4168 836 4229 aeterna
851 4181 902 4226 re·
948 4159 1063 4251 spersit
1085 4156 1205 4237 dicens:
1229 4158 1421 4247 hicseugeis
1444 4166 1540 4225 testa·

314 4250 496 4355 demptione
520 4251 655 4321 iuventa.
683 4250 714 4322 Si
725 4250 813 4330 ¹euim
830 4274 903 4322 sau·
951 4255 1075 4335 menti,
1099 4251 1192 4344 quod
1213 4249 1377 4321 mandarit
1412 4248 1454 4324 ud
1479 4270 1539 4323 ros
