3584 5034
607 589 610 598 ’
699 639 825 710 rnsrn
850 638 1041 714 rnuurrrr
1446 643 1487 706 ra

257 758 335 832 erat,
360 748 488 820 tradidit
511 750 667 843 spiritum;
691 747 753 819 hoc
789 759 848 832 est,
897 750 1057 841 responde
1081 749 1165 818 mibi.
1190 748 1230 818 llt
1253 760 1297 818 tu.

257 844 421 934 expiravit.
465 922 467 928 7
918 842 1168 911 clarebant.
1194 843 1265 923 Qui.
1335 903 1340 910 ,
1461 902 1465 910 .

302 945 334 1020 p.
359 937 427 1024 Ego
451 944 482 1003 to
498 935 604 1025 potavi
628 955 713 1026 aqua
735 936 847 1004 salutis
937 980 952 1020 τ
1108 937 1191 1004 Lecl.
1224 953 1268 1004 rx.

257 1025 298 1094 de
333 1037 443 1117 petrar
468 1025 489 1069 *
514 1029 553 1093 lit
586 1037 620 1094 tu
647 1049 699 1096 me
725 1028 847 1119 ,potasti
899 978 997 1094 stoli
1020 1035 1126 1095 emen
1142 1025 1333 1116 perturbari,'
1350 1025 1489 1098 dilectis·

258 1118 341 1200 lella‚
365 1130 397 1186 et
419 1129 518 1187 aceto.
857 1135 860 1142 ·
896 1120 985 1186 sime:
1010 1140 1095 1210 quae
1122 1119 1206 1186 enim
1237 1119 1321 1186 malo
1354 1119 1398 1186 illi
1422 1121 1489 1188 ani·

304 1212 335 1276 i.
359 1212 481 1301 Popula
504 1232 605 1292 meus,
632 1210 710 1300 quid
735 1211 793 1279 leci
812 1213 848 1278 ti·
896 1234 951 1282 mo
974 1221 1151 1303 patrarunt,
1170 1211 1289 1278 veritati
1314 1213 1492 1280 consentie-

257 1301 301 1384 bi,
326 1304 428 1371 autin
446 1323 513 1393 quo
537 1304 719 1374 contristavi
738 1302 786 1372 tel
802 1324 852 1371 rs·
899 1303 985 1374 bant.
1013 1302 1180 1392 Prophetia
1197 1301 1269 1370 binc
1287 1303 1414 1393 impleta
1429 1314 1489 1386 est,

257 1395 382 1486 sponde
405 1396 491 1462 mibi.
515 1397 555 1462 Et
578 1406 622 1462 tu.
896 1396 1055 1484 inquiens:
1073 1393 1228 1464 videbunt
1244 1395 1277 1470 in
1292 1417 1389 1485 quem
1406 1407 1493 1464 tran-

302 1487 416 1555 Benad.
441 1489 589 1556 Divinum
614 1487 777 1554 auxilium.
895 1487 1060 1556 slixerunt.
1103 1488 1215 1575 Neque
1255 1486 1316 1556 boc
1357 1498 1491 1570 enaim,

453 1583 552 1648 'Laut
576 1600 642 1646 vr11.
899 1580 956 1648 sed
982 1600 1046 1646 non
1070 1579 1237 1646 credituris
1261 1578 1322 1645 luit
1344 1577 1492 1648 fideiar·

256 1619 386 1762 Atqui
411 1693 476 1742 non
498 1683 573 1764 post
596 1672 779 1740 inclinatum
795 1691 849 1739 ca·
896 1681 1095 1760 guarentem,
1123 1681 1159 1738 ut
1198 1669 1347 1752 Thomae,
1379 1680 1411 1741 et
1434 1672 1518 1761 qui·
1564 1716 1569 1724 ·

255 1772 316 1855 put
338 1765 508 1855 expiratur;
536 1764 592 1834 sed
616 1775 690 1854 post
706 1763 846 1854 ,expira-
895 1783 972 1830 cum
994 1784 1034 1831 eo
1060 1772 1157 1830 erant
1185 1759 1235 1830 bd
1259 1761 1338 1830 haec
1353 1773 1385 1832 et
1401 1785 1492 1831 arca·

256 1856 373 1924 tionem
398 1868 495 1948 caput
511 1858 687 1925 inclinatur.
712 1857 771 1923 Hic
788 1878 846 1923 au·
894 1877 973 1924 uum
1009 1856 1198 1946 mysterium
1230 1865 1491 1928 consummatum

256 1956 320 2016 tom
354 1960 466 2016 contra
501 1949 625 2029 accidit,
665 1970 724 2038 per
744 1947 846 2039 ¹quod
895 1956 954 2027 est,
970 1947 1065 2014 exivit
1080 1946 1164 2012 enim
1187 1947 1327 2032 sanguis,
1343 1957 1375 2015 et
1392 1969 1488 2038 aqua;

254 2035 394 2109 ostendit
428 2064 503 2109 eum
544 2041 744 2128 Evangelista
779 2062 850 2110 esse
897 2035 962 2106 nbn
987 2059 1079 2117 casu,
1102 2046 1134 2104 et
1156 2037 1339 2127 simpliciter
1363 2037 1394 2104 bi
1420 2039 1490 2106 loo-

242 2132 400 2216 ,omnium
431 2134 614 2200 Dominum.
645 2131 758 2200 ludaei
788 2155 846 2200 au·
894 2142 943 2198 tes
977 2131 1197 2210 scaturierunt,
1241 2128 1298 2196 sod
1335 2131 1487 2219 quoniam

254 2235 321 2292 tem
345 2223 505 2290 camelum
528 2225 728 2312 devorantes
745 2235 776 2293 el
791 2244 849 2292 cu·
896 2244 938 2290 ex
961 2221 1119 2290 ambobus
1145 2221 1289 2290 Ecclesia
1319 2224 1489 2291 constituta

254 2316 349 2384 licem
379 2315 576 2397 excolantes,
602 2325 725 2384 tantum
760 2317 847 2384 naias
895 2326 952 2384 est.
970 2315 1081 2382 Sciunt
1093 2314 1152 2381 hoc
1165 2314 1283 2395 initiati,
1295 2335 1353 2405 per
1369 2337 1487 2406 aquam

255 2408 337 2491 ausi,
358 2407 398 2477 da
414 2408 466 2477 die
482 2407 670 2477 consultant:
688 2409 848 2490 Quoniam
895 2409 980 2477 onim
1019 2408 1204 2496 regenerati,
1244 2409 1419 2496 sanguine,
1458 2418 1491 2478 et

127 2553 128 2556 ,
254 2502 430 2570 Parasceve
453 2511 530 2584 erat,
555 2511 593 2568 ut
616 2520 679 2568 non
703 2523 848 2569 remane·
895 2521 992 2568 carne
1016 2501 1136 2580 nutriti,
1160 2498 1234 2566 binc
1262 2501 1414 2591 mysteria
1437 2518 1490 2569 or-

254 2602 325 2661 rent
355 2595 388 2659 in
412 2615 510 2661 cruce
539 2614 676 2684 corpora
706 2592 847 2663 Sabbata
896 2604 964 2660 tum
988 2590 1118 2672 habent,
1147 2602 1183 2657 ut
1205 2593 1331 2680 quoties
1366 2591 1407 2660 ad
1431 2592 1489 2658 ad·

252 2696 446 2772 rogaverunt
462 2685 595 2754 Pilatum
613 2697 649 2754 ut
665 2687 847 2775 frangeren-
896 2682 1077 2751 mirandum
1101 2682 1231 2750 calicem
1249 2681 1386 2762 accedis,
1408 2691 1488 2750 tam·

256 2786 310 2842 tur
341 2797 453 2844 eorum
489 2785 597 2845 crura.
620 2778 716 2846 Vides
741 2779 852 2867 quanti
902 2797 999 2865 quam
1024 2773 1065 2841 ab
1101 2775 1170 2865 ipso
1203 2773 1302 2845 latero
1340 2773 1489 2844 hauriens

257 2867 298 2933 sit
322 2868 460 2934 veritas?
485 2870 545 2936 Per
569 2890 618 2949 ea,
644 2891 727 2958 quae
743 2871 786 2936 illi
803 2870 850 2936 la·
897 2866 1041 2935 accedas.

253 2959 354 3038 ciunt,
390 2957 554 3048 prophetia
595 2961 753 3050 impletum
788 2962 850 3028 alia
943 2960 986 3028 To
1010 2961 1113 3028 Deum
1137 2958 1317 3030 laudamus.

254 3051 339 3116 enim
355 3070 395 3117 ex
412 3049 472 3118 hoc
498 3054 692 3121 manifestata
710 3063 768 3120 est.
785 3053 846 3122 lle·
1065 3054 1122 3119 AD
1147 3053 1308 3123 acubus

253 3152 371 3208 nerunt
394 3162 471 3230 ergo
494 3144 617 3226 milites,
642 3154 675 3212 et
707 3145 843 3215 aliorum
892 3191 943 3296 F
971 3157 1020 3250 'at
1038 3167 1099 3233 per
1124 3147 1238 3228 Horas,
1271 3145 1398 3235 Antiplt.

945 3259 979 3304 ur

255 3233 419 3324 fregerunt
443 3256 549 3317 crura,
566 3258 631 3305 non
648 3236 771 3318 Christi;
788 3236 847 3305 sed
1005 3234 1183 3324 flagellatus
1199 3247 1264 3306 tota
1288 3237 1351 3318 dio,
1381 3246 1413 3304 et
1436 3255 1490 3305 ca-

255 3325 296 3392 ad
312 3325 510 3394 ludaeorum
525 3331 657 3414 gratiam
678 3330 849 3396 concilian·
897 3329 1020 3413 stigatio
1046 3349 1116 3394 mea
1141 3329 1172 3393 iu
1200 3330 1374 3397 matutinis.

130 3451 141 3530 ι.
239 3417 330 3484 -dam
354 3419 438 3486 latus
479 3419 549 3507 ejus
580 3421 690 3488 lancea
713 3441 847 3510 aperue-
943 3419 1029 3488 Psul.
1054 3419 1210 3486 Dominus
1237 3423 1391 3525 regnavit.
1419 3443 1489 3491 cum

256 3520 340 3590 runt,
357 3521 389 3578 et
404 3520 531 3582 mortuo
554 3512 661 3578 adhuc
685 3512 846 3578 insultant.
894 3509 1026 3606 reliquie
1050 3511 1087 3578 do
1111 3510 1290 3582 Dominrcu.

255 3601 286 3666 O
309 3603 478 3690 pessimam
502 3605 707 3686 voluntatem,
725 3623 763 3670 ac
779 3623 849 3671 scc-
940 3601 1066 3691 Antr'pb.
1090 3601 1171 3673 Veni
1184 3605 1225 3672 ad
1242 3617 1381 3676 montem
1402 3626 1490 3695 myn-

254 3691 471 3762 lestissimam!
537 3761 542 3768 ,
894 3691 982 3775 rhea,
1006 3705 1039 3762 et
1061 3694 1102 3761 ad
1126 3697 1242 3774 collem
1267 3699 1385 3776 thuris3
1409 3708 1487 3762 tam·

285 3787 337 3860 d.
364 3785 429 3872 Ego
454 3799 529 3856 ante
545 3800 576 3858 te
593 3789 702 3879 aperui
720 3785 850 3855 mare*
897 3808 995 3875 quam
1020 3809 1123 3875 agnus
1146 3787 1187 3854 ad
1212 3792 1403 3857 occisionem
1427 3785 1488 3853 du-

255 3876 296 3946 Et
312 3886 347 3942 tu
365 3881 514 3966 aperuisti
539 3881 649 3948 lancea
673 3881 755 3946 latus
780 3879 848 3948 Sal·
895 3889 967 3944 ctus
992 3876 1149 3960 obmutui,
1174 3890 1206 3947 et
1228 3901 1293 3949 non
1315 3879 1426 3969 aperui
1450 3897 1488 3948 os

256 3969 358 4035 vatori
384 3979 440 4038 tuo
465 3969 486 4012 '¹‘
510 3973 572 4053 Qui
596 3972 731 4041 redemit
755 3993 848 4038 mun·
896 3991 1013 4038 meum.
1244 4041 1248 4046 ,

256 4059 335 4130 dum
361 4061 571 4152 insanguine
595 4085 665 4134 suo.
795 4136 799 4146 ,
944 4060 1069 4150 Antrplr.
1086 4061 1248 4130 Foderunt
1262 4083 1377 4132 manus
1388 4086 1488 4145 meas,

302 4154 332 4220 tl.
346 4154 481 4245 ¹Popule
504 4179 607 4238 mous,
634 4155 712 4246 quid
731 4156 791 4224 leci
814 4155 853 4222 ti·
900 4164 931 4222 et
954 4151 1053 4244 pedes
1076 4175 1175 4234 meos,
1208 4155 1489 4230 dinumeraverunt

256 4243 302 4328 bi,
330 4257 387 4316 aut
421 4248 545 4341 inquo
576 4249 760 4320 contristavi
795 4246 851 4317 te?
898 4247 1006 4316 omnia
1029 4265 1102 4316 ossa
1125 4266 1204 4314 mea.
1257 4320 1261 4326 ,
