3584 5034
739 594 992 667 ousta-tucn
1037 584 1040 589 ¹
1406 598 1475 667 lli

365 712 410 781 IN
427 709 485 779 lll.
501 709 723 783 NOCTURNO
843 783 845 789 ,
887 708 957 776 duit
971 726 1036 777 eos:
1060 705 1082 752 *
1106 709 1145 777 Et
1157 708 1200 777 ad
1217 705 1476 804 porlastaradi-

297 806 404 877 Lectio
427 805 529 873 sancti
545 804 705 895 Evangelii
721 822 839 874 secun·
885 804 915 869 si
937 804 1102 872 coronavit
1124 823 1190 872 eos.

250 897 328 968 dum
354 900 553 965 Matthaeum.
895 931 902 945 ·
935 894 964 960 tl.
989 895 1097 964 Induit
1128 918 1183 965 eos
1214 898 1369 967 Dominus
1397 897 1476 970 lori·

332 992 437 1061 lectio
452 1012 505 1057 vu.
601 994 678 1081 Cep.
699 992 751 1057 ld.
887 1007 958 1057 cam
982 988 1068 1070 fidei,
1091 1000 1123 1059 et
1146 992 1269 1065 ornavit
1291 1012 1359 1061 eos.
1389 995 1440 1063 llt.

250 1040 307 1153 dn
331 1087 384 1153 illo
408 1086 660 1175 temporezvenit
683 1087 776 1153 lesus
807 1081 838 1151 in
1070 1083 1179 1153 Lectio
1214 1105 1280 1152 vur.

249 1189 355 1271 partes
379 1180 550 1249 Caesareae
568 1178 712 1269 Philippi,
737 1187 769 1245 et
792 1176 839 1241 in·
887 1130 942 1243 ln
965 1176 1113 1244 universa
1147 1198 1288 1267 namque
1324 1180 1476 1267 Ecclesia,

249 1272 705 1364 terrogabatdiscipulossuos,
721 1269 841 1337 dicens:
887 1279 922 1337 tu
947 1291 983 1337 es
1017 1269 1160 1337 Christus
1185 1270 1284 1346 lilius
1307 1274 1376 1348 Dei,
1402 1279 1476 1360 vivi,

248 1368 353 1448 Quem
378 1366 489 1433 dieunt
524 1366 667 1433 homines
691 1384 761 1431 esse
786 1365 840 1429 Fi·
885 1363 1032 1453 quotidie
1054 1364 1167 1431 Petrus
1198 1364 1282 1433 dicit:
1320 1378 1352 1437 et
1373 1372 1507 1439 omnis‘

249 1460 332 1528 lium
357 1458 509 1527 hominis?
534 1461 573 1526 Et
602 1460 734 1547 reliqua.
786 1490 789 1499 ·
888 1456 1007 1545 lingua,
1048 1478 1133 1547 quae
1170 1458 1342 1545 confltetur
1370 1464 1477 1533 Domi·

242 1611 245 1615 .
276 1553 413 1621 Humilia
437 1555 536 1620 sancti
568 1554 680 1621 Leonis
705 1552 818 1641 Papae.
890 1572 980 1631 uurn,
1004 1553 1185 1638 magisterio
1203 1553 1297 1643 liujus
1319 1558 1406 1625 vocis
1423 1561 1481 1627 im.

336 1648 407 1714 Ser.
433 1649 568 1715 2.·Αηη.
603 1648 761 1733 Assumpt.
891 1643 1012 1716 buitur.
1059 1646 1146 1713 llaec
1197 1644 1279 1716 fides
1316 1648 1483 1721 diabolum

375 1758 461 1820 succ,
484 1751 554 1809 onte
589 1738 736 1807 medium.
873 1739 1003 1827 uincit,
1015 1749 1047 1805 et
1063 1740 1261 1829 captivorum
1274 1743 1343 1831 ejus
1355 1744 1483 1815 vinnula

253 1778 374 1913 Cum,
397 1835 480 1901 sicut
503 1831 691 1919 Evangelioa
708 1829 841 1898 lectione
888 1828 1040 1907 dissolvit.
1049 1833 1250 1903 Haecerutos
1261 1836 1483 1919 mnodo,inse-

252 1939 429 1997 reseratum
453 1938 510 2007 est,
537 1927 759 2011 interrogasset
785 1924 847 1987 Do·
891 1926 936 1991 rit
945 1924 1046 2006 coelo,
1061 1937 1093 1993 et
1104 1940 1197 2017 porta
1213 1930 1303 1997 inleri
1326 1932 1481 2005 adversus

255 2024 363 2089 minus
388 2020 573 2110 discipulos,
613 2040 710 2108 quern
744 2018 847 2106 ipsum
895 2040 964 2085 eam
1007 2020 1190 2108 praevalere
1242 2044 1305 2091 uon
1339 2042 1482 2116 possunt.

254 2112 266 2205 (
284 2110 850 2200 multisdiversaopinantibus)cre-
898 2112 995 2178 lauta
1029 2114 1112 2179 euim
1137 2114 1288 2185 divinitus
1326 2120 1485 2193 soliditate

254 2206 380 2285 derent;
416 2204 698 2294 respondissetque
736 2202 847 2269 beatus
895 2206 1017 2272 munita
1041 2218 1106 2288 est‚·
1127 2219 1163 2275 ut
1186 2229 1256 2277 eam
1281 2230 1386 2301 neque
1411 2216 1486 2287 hae-

255 2302 382 2379 Petrus‚
416 2298 536 2365 dicens:
563 2298 668 2363 lues
708 2294 849 2362 Christus
896 2300 993 2365 retica
1016 2319 1161 2389 unquam
1183 2322 1389 2395 corrumpere
1412 2311 1485 2401 p'ra-

255 2389 358 2461 Filius
400 2392 455 2460 Dei
487 2391 559 2458 vivi:
598 2388 756 2455 Dominus
793 2390 846 2453 ait:
895 2391 987 2472 vitas,
1012 2412 1072 2459 nec
1088 2414 1213 2484 pagana
1230 2399 1367 2486 potuerit
1389 2424 1486 2496 supe-

251 2488 376 2559 Beatus
399 2508 434 2555 es
458 2486 567 2553 Simon
586 2485 750 2561 liar-lona,
775 2482 851 2571 qula
899 2504 971 2551 rare
993 2484 1135 2575 perfidia.
1160 2489 1216 2555 llis
1249 2492 1359 2582 itaque
1382 2481 1484 2568 modis

250 2600 335 2650 caro
358 2590 391 2647 et
429 2579 559 2667 sanguis
596 2598 660 2644 nun
701 2575 853 2645 revelavit
899 2575 1104 2659 dilectissimi,
1129 2582 1303 2650 rationabili
1328 2587 1485 2679 obsequio

258 2672 327 2751 tibi,
369 2671 427 2755 sed
462 2674 553 2739 Pater
592 2692 694 2749 meus,
719 2669 849 2759 quiin
894 2669 1077 2737 celebratur
1132 2671 1286 2741 hodierna
1325 2679 1485 2768 festivitas,

259 2766 361 2835 coelis
384 2776 441 2833 est:
465 2776 497 2831 et
518 2784 580 2851 ege
595 2763 668 2830 dico
681 2762 747 2843 tibi,
773 2764 850 2851 qnia
898 2774 936 2831 ut
944 2763 974 2829 in
983 2784 1120 2853 persona
1132 2762 1313 2837 humilitatis
1327 2794 1426 2858 meae,
1434 2777 1486 2846 ille

259 2870 357 2927 tues
397 2860 517 2936 Petrus,
559 2867 591 2923 et
630 2876 727 2945 super
766 2853 849 2925 hanc
897 2856 1100 2943 intelligatur,
1140 2858 1192 2930 ille
1227 2861 1410 2951 honoretur,
1450 2872 1486 2938 in

258 2964 382 3045 petram
445 2947 638 3017 aedificabox
680 2946 853 3014 Ecclesiam
901 2958 968 3038 quo
991 2960 1023 3019 et
1038 2951 1179 3019 omniurn
1195 2969 1359 3044 pastorum
1383 2963 1506 3031 solici·'

258 3068 376 3125 meam,
393 3054 426 3112 et
444 3054 552 3133 portae
568 3041 735 3109 inlerinon
761 3061 853 3131 prae·
900 3042 990 3123 tudo,
1013 3059 1089 3113 cum
1109 3050 1404 3123 commendatarum
1427 3057 1489 3127 sibi

258 3138 415 3209 valebunt
436 3136 591 3205 adversus
620 3156 702 3215 eam,
727 3142 759 3203 et
794 3133 848 3201 tibi
897 3137 1007 3203 ovium
1046 3139 1194 3207 custodia
1233 3159 1425 3234 perseverat,
1457 3163 1490 3220 et

258 3231 346 3300 dabo
369 3233 476 3301 claves
500 3229 587 3319 regni
621 3227 796 3309 coelorum,
820 3238 851 3297 et
898 3230 992 3318 cujus
1015 3234 1110 3299 etiam
1145 3233 1280 3321 dignitas
1304 3242 1336 3308 in
1358 3243 1490 3337 indigno

258 3326 494 3418 quodcumque
510 3323 657 3413 ligaveris
672 3343 770 3412 super
788 3332 851 3389 ter-
898 3322 1037 3390 haerede
1062 3346 1126 3393 non
1152 3324 1267 3397 delicit

259 3442 340 3501 ram,
366 3421 425 3487 erit
461 3419 593 3507 ligatum
631 3426 664 3484 et
686 3415 853 3499 incoelis:
946 3418 978 3491 d.
1003 3417 1058 3484 lsti
1087 3428 1173 3498 sunt,
1204 3426 1260 3513 qni
1289 3441 1366 3499 anto
1386 3432 1488 3501 Deum

262 3523 297 3579 et
325 3512 557 3603 quodcumque
602 3509 736 3583 solveris
759 3530 857 3598 super
903 3530 1033 3598 magnas
1058 3514 1190 3583 virtutes
1205 3525 1325 3607 operati
1349 3535 1434 3608 sunt,
1460 3538 1492 3595 et

265 3614 392 3685 terram,
409 3608 469 3672 erit
483 3606 625 3672 solutum
640 3614 672 3671 et
688 3606 721 3669 in
745 3604 866 3673 coelis
900 3604 1004 3673 omnis
1030 3614 1112 3673 terra
1135 3606 1284 3681 doctrina
1304 3617 1492 3709 eorumkre-

265 3698 468 3786 lllanet'ergo
508 3696 673 3787 dispositio
689 3714 694 3727 ·
708 3696 857 3777 veritatis,
905 3697 990 3787 plata
1012 3709 1069 3765 est:
1088 3698 1109 3741 *
1135 3700 1197 3791 lpsi
1215 3707 1411 3777 intercedant
1432 3731 1492 3801 pro

263 3801 298 3859 et
321 3788 434 3857 beatus
458 3792 569 3858 Petrus
585 3792 619 3855 in
636 3798 766 3877 accepta
791 3787 856 3854 lor·
903 3793 1043 3880 peccetis
1065 3797 1210 3864 omnium
1235 3801 1439 3891 populorum.

262 3881 400 3952 titudine
424 3895 531 3974 petrae
555 3901 770 3973 perseverane,
794 3902 850 3947 su·
944 3884 973 3948 l.
990 3885 1045 3951 Isti
1061 3897 1147 3970 sunt,
1164 3892 1220 3980 qul
1235 3905 1494 3988 contempserunt

264 3988 376 4068 scepta
388 3976 549 4045 Ecclesiae
561 3972 777 4066 gubernacula
793 3994 857 4042 non
906 3977 1001 4045 vitam
1025 3982 1147 4062 mundi,
1171 3995 1204 4052 et
1219 4001 1432 4078 pervenerunt
1452 3994 1493 4061 ad

266 4071 408 4161 reliquit.
904 4072 1053 4143 coelestia
1076 4094 1182 4162 regna.
1206 4081 1282 4169 lpsi.
1399 4124 1402 4133 -

313 4168 345 4243 ri.
370 4162 497 4231 Amavit
536 4181 593 4230 eos
642 4160 804 4240 Dominus,
828 4170 860 4227 et
954 4161 1061 4232 Gloria
1086 4168 1177 4235 Patri.
1200 4172 1276 4263 lpsi,

266 4257 398 4329 ornavit
417 4278 485 4340 eos,
509 4256 623 4327 stolam
664 4252 783 4345 glorias
806 4258 856 4321 in·
902 4259 983 4325 Lect.
1008 4277 1049 4325 rx.
1073 4263 1110 4327 dc
1127 4264 1243 4334 Hamil.
1266 4272 1358 4339 Dom.
1375 4297 1494 4343 oneum.

1188 4400 1191 4406 '
1313 4392 1333 4455 8
