3584 5034
266 688 298 745 et
336 664 512 744 delinimus:
547 675 728 742 Doctrinam
772 698 855 766 quae
903 673 1080 765 Seraphim,
1106 685 1139 744 et
1161 675 1246 744 omni
1263 672 1402 743 exercitu
1426 679 1491 740 hn-

265 781 350 839 tenet
372 768 581 841 beatissimam
606 769 763 859 Virginem
784 771 851 836 lla-
899 768 1010 858 geli-co:
1034 768 1085 834 cui
1125 766 1356 859 praedicandae
1388 766 1492 834 coele

263 862 344 929 ‘riam
371 863 401 929 in
417 862 519 953 primo
536 862 661 930 instanti
678 885 756 930 suae
772 863 866 932 Coo-'
901 863 958 930 stis
982 881 1020 948 ac
1051 872 1174 930 terrena
1215 861 1326 950 lingua'
1364 860 1491 927 minime

265 955 538 1047 ceptionis'iuisse
561 956 711 1045 singulari
751 957 853 1028 omni·
901 954 1131 1035 sufficit„imo
1155 975 1231 1024 vcro
1272 975 1331 1023 nec
1354 952 1493 1044 Angelo-

265 1051 400 1138 potentis
424 1050 479 1117 Dei
504 1051 602 1138 gratia
627 1060 658 1116 et
677 1050 852 1140 privilegio,
903 1053 983 1114 rum.
1008 1048 1036 1115 0
1061 1050 1156 1115 Beata
1195 1049 1301 1136 Virgo,
1344 1044 1493 1114 columba

265 1145 380 1209 intuitu
417 1143 598 1209 meritorum
639 1143 751 1210 Christi
776 1147 851 1211 lesu
896 1163 980 1232 vpura
1005 1151 1036 1208 et
1059 1143 1183 1232 Sponsa
1206 1141 1353 1208 coelestis
1385 1139 1493 1220 llaria,

195 1319 199 1329 ι
266 1236 454 1311 ὃεΙνειοτὶς,
473 1233 601 1302 humani
638 1239 786 1324 generis,
811 1236 852 1302 ab
903 1232 1494 1325 coelum,templum‚etthronusDi·

267 1333 351 1397 omni
376 1329 535 1415 originalis
551 1330 664 1418 culpae
683 1329 862 1419 labeprae-¹
901 1328 1066 1410 vinitatis,
1095 1350 1179 1418 quae
1216 1337 1436 1397 coruscantem
1460 1327 1493 1392 in

266 1424 629 1499 servatam'immunem,
654 1444 764 1490 essee
790 1424 854 1489 Deo
902 1420 992 1488 coelo
1017 1423 1103 1489 etin
1143 1433 1226 1490 terra
1266 1421 1366 1488 solem
1396 1417 1493 1487 habes

267 1517 446 1593 revelatam,
470 1528 567 1605 atque
590 1515 710 1582 idcirco
720 1512 762 1581 ab
786 1537 854 1581 om·
902 1512 1082 1582 Christum!
1107 1515 1216 1585 Nubes
1240 1514 1367 1594 lucida,
1408 1533 1492 1602 qaae

267 1608 360 1675 nibus
384 1607 530 1675 fidelihus
554 1608 685 1676 firmiter
709 1620 857 1675 constan·
903 1606 1014 1695 fulgur
1038 1607 1078 1675 de
1094 1609 1186 1676 coelo
1204 1607 1434 1677 lucidissimum
1450 1604 1493 1672 ad

266 1713 378 1790 terque
413 1700 616 1769 credendam.
653 1704 856 1792 Quapropter
904 1699 1145 1769 illuminandum
1170 1701 1325 1770 mundum
1360 1698 1494 1766 deduxi·

268 1796 297 1860 si
319 1795 487 1884 quisecus
511 1816 548 1861 ac
572 1818 591 1861 a
615 1796 714 1863 Nobis
742 1794 854 1862 delini-
903 1795 944 1859 sti
968 1794 1137 1864 Christum.
1161 1802 1228 1864 Ave
1265 1792 1363 1883 gratia
1399 1792 1493 1884 plena

267 1899 333 1953 tum
346 1888 506 1977 estquod
523 1891 606 1956 lleus
618 1898 746 1969 avertat,
763 1911 855 1980 prae-
902 1887 995 1953 Porta
1019 1889 1198 1968 Coelorum,
1223 1887 1263 1956 de
1280 1907 1343 1978 qua
1361 1887 1392 1952 in
1409 1885 1492 1951 Cau·

266 1983 457 2072 sumpserint
481 1982 578 2051 corde
600 1982 726 2063 sentire,
750 1983 771 2047 ii
796 2003 854 2050 no·
902 1979 969 2047 ticis
992 1979 1145 2070 propheta
1164 1982 1194 2047 in
1212 1981 1353 2050 decursu
1377 1977 1493 2045 oratio·
1535 2035 1538 2050 .

690 564 818 640 rasta
839 563 1067 633 DECEhllllllS

266 2075 368 2141 verint
391 2095 428 2142 ac
453 2097 547 2166 porro
586 2077 689 2142 sciant
721 2097 757 2143 se
780 2097 855 2166 pro·

266 2167 335 2255 prio
354 2166 476 2256 judicio
500 2169 748 2249 condemnatos,
776 2189 855 2235 nau-

268 2259 402 2349 fragium
427 2263 512 2327 circa
534 2260 629 2328 fidem
646 2281 758 2350 passos
773 2282 855 2344 csse,

267 2363 298 2420 et
312 2353 354 2422 ab
378 2355 495 2421 unitate
512 2355 671 2422 Ecclesiae
691 2353 854 2424 deiecisse.

312 2451 349 2526 tl:
369 2446 499 2533 Signani
527 2470 686 2534 magnum.

375 2539 418 2604 IN
443 2540 498 2607 lll.
526 2541 748 2610 NOCVURNO

313 2631 419 2700 Lectio
442 2635 541 2701 sancti
565 2634 725 2724 Evangelii
740 2656 856 2704 secun-

264 2724 342 2792 dum
370 2726 498 2793 Lucam.

295 2866 298 2870 -
394 2821 476 2888 Lect.
498 2840 552 2887 vlt.
653 2823 729 2910 Cap.
757 2824 785 2887 l,

267 2863 323 2978 ln
349 2910 403 2978 illo
426 2924 576 3005 tempore:
602 2913 716 2981 hlissus
732 2920 857 2983 estho-

270 3005 363 3093 gelus
388 3005 513 3075 Gabriel
536 3029 556 3073 a
581 3008 647 3078 ilco
671 3009 704 3074 in
738 3010 855 3076 Civita-

267 3109 330 3166 tem
371 3099 554 3181 Galilaeae,
578 3101 631 3167 cui
655 3122 769 3169 nomen
794 3101 857 3166 Na-

267 3191 384 3275 zareth,
402 3193 444 3260 ad
459 3194 617 3283 Virginem
633 3192 854 3285 desponsatam

267 3285 354 3367 Viro,
371 3287 429 3365 ⁴cui
454 3307 570 3356 nomen
584 3297 652 3356 erat
676 3287 803 3379 loseph,
815 3285 856 3354 de

269 3375 365 3446 domo
390 3379 500 3462 David,
524 3391 556 3448 et
579 3400 696 3452 nomeu
720 3381 856 3470 Virginis

903 2073 951 2139 nis
976 2073 1068 2164 plane
1092 2084 1123 2141 et
1146 2085 1255 2166 aperte
1290 2071 1493 2166 proloquitur

902 2165 1084 2234 inclamans:
1109 2168 1227 2237 Hortus
1244 2166 1418 2236 conclusus
1441 2185 1495 2232 so·

903 2279 958 2351 ror
980 2282 1049 2327 mea
1073 2262 1207 2351 Sponsa,
1223 2261 1334 2331 hortus
1360 2257 1492 2327 conclu-

902 2373 968 2443 sae,
993 2353 1064 2420 lons
1088 2357 1238 2444 signatus.

949 2456 981 2533 p.
1005 2446 1124 2515 Hortus
1148 2449 1330 2517 conclusus.

1111 2543 1195 2609 Leet.
1219 2562 1286 2610 viu.

903 2584 1033 2720 virgo
1056 2644 1104 2700 est
1127 2634 1227 2702 lilium
1246 2636 1492 2713 immaculatum,

904 2746 988 2816 quae
1012 2747 1115 2794 rosam
1129 2727 1422 2799 immarcescibilem
1437 2749 1492 2816 ge-

902 2821 972 2885 nuit
995 2817 1164 2888 Christum.
1189 2823 1218 2889 0
1242 2816 1357 2892 Sancta
1380 2823 1493 2911 Deipa-

903 2933 949 2993 ra,
976 2911 1053 2980 Oris
1076 2915 1283 2983 Immaculata
1314 2935 1398 3008 quae
1421 2934 1493 2982 ver-

903 3003 981 3072 bum
1007 3028 1046 3074 ex
1076 3017 1107 3076 te
1124 3010 1336 3098 ,incarnatum
1366 3014 1493 3096 Agrium

904 3098 1066 3166 Christum
1112 3103 1281 3193 peperisti!
1327 3104 1356 3171 O
1394 3103 1490 3192 Virgo

903 3192 1104 3260 Sanctissima
1122 3217 1206 3283 quae
1221 3198 1381 3266 exercitus
1396 3217 1492 3282 ange·

904 3284 1007 3353 lorum
1048 3289 1080 3353 iu
1110 3298 1272 3382 stuporem
1312 3288 1491 3358 deduxisti!

904 3379 1104 3470 Stupendam
1145 3392 1194 3450 est
1231 3379 1421 3451 miraculum
1462 3383 1494 3449 in

253 3469 373 3538 ttarta.
397 3473 437 3538 Et
461 3473 591 3563 reliqua.

292 3563 427 3632 llomilia
451 3567 482 3632 S.
507 3565 670 3656 Epiphanii
684 3567 832 3657 Episcopi

328 3658 415 3726 Orat.
439 3659 476 3728 de
499 3659 585 3728 tana.
611 3657 646 3727 S.
671 3657 797 3728 Mariae

901 3474 1010 3553 coelis,
1035 3474 1150 3541 mulier
1183 3477 1297 3545 amicta
1336 3475 1414 3556 sole,
1439 3497 1494 3564 ge

901 3577 987 3634 stans
1011 3566 1115 3634 lucem
1130 3571 1162 3634 io
1179 3569 1273 3640 uluis:
1296 3567 1492 3660 stupendum

901 3660 1090 3728 miraculum
1129 3662 1160 3728 in
1200 3664 1297 3731 coelis
1337 3661 1494 3730 thalamus

481 3752 649 3843 Derbe-roc.
903 3753 1036 3840 Virginis
1060 3753 1179 3822 babens
1204 3756 1317 3824 Filium
1332 3756 1400 3838 Dei,
1427 3763 1497 3822 slu-

258 3797 384 3935 ,Quid
409 3844 531 3929 dicam,
555 3859 611 3915 aut
634 3843 713 3937 quid
748 3846 858 3937 prolo-
887 3846 1044 3936 -pendum
1086 3848 1276 3915 miraculum
1315 3851 1346 3916 in
1385 3848 1494 3929 coelis,

269 3958 352 4026 quar
392 3938 432 4007 de
479 3942 641 4030 praeclara
680 3951 712 4010 et
746 3951 854 4008 sancta
902 3940 1056 4007 Dominus
1081 3941 1274 4030 Angelorum
1298 3941 1401 4010 inians
1424 3941 1493 4008 Vir-

270 4030 423 4120 Virgine?
446 4035 522 4102 Solo
533 4035 615 4104 enim
632 4037 698 4104 Deo
721 4045 854 4125 excepto
901 4034 981 4120 ginis
1005 4033 1137 4101 eliectus
1159 4045 1216 4103 est.
1248 4036 1359 4126 hugeli
1394 4053 1489 4102 accu-

270 4127 393 4191 caoctis
416 4130 561 4219 superior
595 4129 703 4209 extitit;
743 4137 855 4196 natura
902 4126 1016 4193 saltant
1056 4126 1174 4210 Evam,
1203 4151 1289 4197 nuno
1327 4151 1404 4198 vero
1431 4127 1495 4194 Ea·

270 4214 438 4295 formosior
459 4231 507 4290 est
530 4222 604 4316 ipsis
627 4217 798 4291 Cherubim
822 4230 854 4288 et
901 4221 982 4289 'rhm
1007 4220 1107 4312 gloria
1131 4232 1379 4316 prosequuntur,
1410 4241 1496 4312 quoe
