3584 5034
302 602 349 671 aa
792 600 922 671 neem
944 579 1039 671 nau
1097 680 1101 689 ¹

302 711 467 789 mondavit
492 724 707 805 eturrmope‘rm
747 733 808 783 neo
843 712 890 783 ab
938 714 1067 784 Cultum
1091 734 1170 785 vero
1194 715 1238 783 illi
1249 715 1373 806 jamdiu
1390 736 1532 811 apopu-

304 806 393 879 Urbe
419 807 521 899 ipsam
543 806 632 875 abire
648 816 722 875 ante
736 808 888 898 permisit,
937 807 976 876 lis
992 810 1185 891 exhibitum,
1209 820 1243 879 et
1276 819 1345 877 tum
1386 809 1537 881 looorum

304 922 402 991 quam
440 900 503 970 alio
555 900 690 969 coelitus
745 910 891 971 vocatam
939 901 1116 972 Ordinariis
1142 900 1323 994 probatum,
1347 913 1416 971 tum
1432 905 1534 995 pluri·

303 996 439 1083 agnovit.
871 1040 876 1051 ·
939 994 1106 1065 bueetiam
1123 998 1330 1065 Summarum
1342 997 1533 1068 Pontificum

349 1088 381 1163 li.
406 1086 551 1155 Dilexisti
572 1086 728 1176 justitiam
760 1098 821 1157 eto.
939 1088 1079 1159 Induitis
1095 1094 1266 1172 munitum,
1285 1091 1431 1161 Clemens
1448 1094 1534 1184 Papa

496 1230 499 1235 -
546 1182 628 1250 Laoc.
651 1201 693 1247 vr.
944 1185 1033 1250 Xlll.
1055 1185 1190 1253 solemni
1213 1186 1348 1253 Decreta
1358 1195 1463 1253 ratum
1478 1186 1535 1255 ha-

304 1234 469 1344 Brixiam
503 1276 621 1363 itaque,
664 1274 721 1343 ubi
760 1274 891 1343 domum
938 1275 1019 1360 buit,
1033 1299 1072 1345 ae
1084 1278 1292 1346 confirmavit.
1304 1280 1381 1346 Eam
1394 1279 1533 1364 tandem,

303 1370 345 1441 ad
357 1374 490 1439 Sanctae
508 1368 633 1458 aphrae
646 1368 799 1461 templum
812 1388 889 1436 oon·
937 1373 1030 1439 novis
1070 1372 1233 1439 miraculis
1271 1374 1332 1441 rite
1378 1372 1534 1463 probatis,

304 1466 405 1545 duxit,
448 1482 728 1553 reversa,'uovam
753 1462 795 1529 ibi
820 1462 889 1529 Vir·
938 1464 1094 1555 insignem
1111 1466 1202 1539 131th
1219 1467 1325 1533 Papa
1336 1467 1531 1535 Vllsolem·

264 1562 413 1651 *sginum
437 1556 636 1636 Societatem,
663 1556 746 1622 siout
763 1554 892 1623 coelesti
940 1562 976 1625 ni
1015 1560 1260 1629 Canonizatioua
1298 1561 1332 1626 in
1382 1560 1531 1628 Vaticana

302 1674 384 1721 vooe
406 1670 450 1717 ao
468 1649 590 1717 visione
614 1648 799 1716 mandatum
820 1647 890 1716 sibi
939 1653 1071 1721 Basilica
1112 1662 1241 1742 peraeta
1279 1651 1332 1719 die
1376 1652 1533 1741 vigesima

303 1748 417 1823 suerat,
442 1740 504 1810 su'o
520 1751 606 1809 certa
629 1740 895 1832 disciplinarum
942 1757 1056 1835 quarta
1069 1746 1140 1834 llaji
1152 1764 1236 1811 anno
1249 1744 1415 1813 millesimo
1430 1748 1533 1814 octin-
1657 1773 1658 1788 ¹

300 1844 428 1929 otisque
455 1834 581 1903 vivendi
622 1836 740 1925 regulis
773 1838 890 1905 consti·
937 1841 1112 1927 gentesimo
1151 1839 1287 1928 septimo
1342 1838 1532 1907 Sanctarum
1657 1923 1658 1938 χ

297 1934 370 2014 tuit,
395 1951 492 2022 quam
518 1930 652 1997 Sanctm
676 1930 810 2000 Ursulae
840 1930 888 1995 in·
934 1933 1100 2021 virginum
1124 1930 1298 2019 Cathalogo
1324 1928 1504 2023 adscripsit.

302 2028 404 2097 vietae
428 2023 591 2113 virginum
608 2022 701 2090 ducis
717 2023 892 2115 patrocinio
950 2028 1019 2111 d·
1043 2022 1223 2092 adeuntur
1245 2035 1307 2093 ete.
1442 2066 1446 2074 ,
1499 2025 1504 2033 ’

302 2142 342 2189 ao
365 2118 493 2187 nomine
524 2116 691 2207 insignivit:
715 2138 786 2185 eam
814 2137 894 2186 vero
1218 2156 1262 2167 -
1391 2169 1400 2200 ,-

302 2232 475 2305 perennem
488 2210 628 2276 futuram
640 2212 734 2277 morti
750 2210 895 2303 proxima
1158 2210 1247 2277 Flili.
1271 2211 1323 2278 vt.

303 2304 470 2399 praedixit.
496 2301 636 2371 Tandem
659 2324 760 2397 prope
783 2316 893 2395 septu·
1132 2315 1204 2393 poet
1230 2306 1335 2375 Oeten.

302 2398 451 2490 agenaria
473 2397 563 2464 dives
593 2398 714 2466 meritis
754 2398 893 2467 avolavit
1103 2397 1207 2465 Com.
1233 2397 1361 2466 Gentem
1657 2437 1658 2446 .

305 2495 339 2561 in
361 2492 488 2561 coelum
519 2499 608 2559 sexto
644 2490 802 2563 Kalendas
834 2492 893 2559 Fer·
963 2490 1452 2565 stantemstantem.
1478 2490 1512 2559 C.
1657 2557 1658 2572 ,

304 2585 450 2653 bruarias
487 2584 560 2654 anni
600 2584 757 2653 millesimi
799 2586 894 2675 quin·
1142 2584 1226 2688 topi.
1254 2585 1332 2676 maj.
1417 2656 1422 2667 ¹

304 2680 467 2771 gentesimi
490 2688 522 2747 et
537 2678 782 2769 quadragesimi,
800 2680 893 2767 cujus
990 2682 1080 2748 Omn.
1104 2688 1139 2747 ut
1173 2700 1210 2745 m
1247 2677 1420 2768 appendice
1460 2680 1538 2747 Bre-

305 2773 443 2842 oadaver
465 2794 523 2864 per
548 2775 636 2861 ipsos
660 2772 783 2861 triginta
823 2772 891 2839 dies
939 2770 1043 2842 viarii
1069 2774 1155 2863 Offio.
1178 2771 1276 2863 enjus.
1300 2772 1422 2843 Oratio.
1452 2772 1538 2840 Con·
1657 2833 1658 2836 ,

297 2867 518 2946 inhumatum,
556 2863 704 2945 flexibile,
744 2888 783 2933 ae
822 2866 897 2934 vivo
945 2866 1026 2935 oede
1048 2886 1258 2957 quaesumus.

308 2960 501 3028 simillimum
514 2958 736 3047 perseveravit.
759 2960 897 3027 Demum
1221 3000 1266 3012 -

308 3056 341 3119 in
364 3053 397 3119 S.
420 3048 547 3141 aphrae
570 3048 688 3137 templo
713 3051 797 3119 iuter
824 3072 899 3121 eae-
923 3054 927 3067 “
1145 3051 1246 3121 oon.
1269 3053 1326 3121 111.

308 3157 402 3227 teras,
449 3141 570 3233 quibus
618 3139 697 3221 illud
742 3140 895 3225 abundat,
1128 3157 1201 3235 poet
1230 3149 1353 3215 Poetae.

171 3243 174 3253 '
307 3240 496 3307 Sauetmum
542 3233 703 3326 Reliquias
741 3235 892 3329 reposito,
1015 3237 1465 3309 remunerarent.

306 3332 446 3424 plurima
469 3328 510 3399 ad
538 3330 607 3420 ejus
621 3326 830 3419 sepulchrum
845 3332 898 3420 agi
1146 3331 1230 3421 dnpl.
1253 3333 1330 3422 maj.

307 3424 412 3493 statim
428 3442 563 3517 coepere
579 3422 740 3504 miracula:
779 3442 896 3493 uorum
1102 3424 1157 3491 Al)
1182 3424 1387 3493 Vesaeuus
1657 3487 1658 3510 ,

307 3518 391 3587 lama
412 3516 476 3587 lata
511 3515 638 3601 diffusa,
680 3536 745 3585 non
800 3517 896 3589 rixiae
991 3513 1115 3608 Arripit
1139 3529 1167 3586 et
1193 3519 1270 3608 Gap.
1294 3519 1333 3587 dr
1362 3515 1536 3589 mooun
1657 3521 1658 3598 l

307 3610 405 3681 modo
435 3619 468 3685 et
489 3610 683 3693 Decentiani,
721 3608 781 3681 sad
819 3608 895 3679 alibi
943 3610 1062 3680 Partim.
1086 3621 1124 3679 ut
1147 3608 1183 3679 in
1209 3609 1321 3702 Officio
1338 3631 1452 3703 pamm.
1657 3651 1658 3664 .

307 3709 405 3777 etiam
435 3704 533 3793 vulgo
571 3705 678 3795 eoepit
715 3705 895 3797 nuncupari
976 3704 1133 3797 Hymnus.
1147 3743 1164 3757 -
1179 3708 1248 3775 dvo
1273 3705 1369 3774 liaris
1391 3704 1503 3777 Stella.
1657 3739 1658 3764 r

307 3802 412 3881 Beata,
427 3799 562 3889 ejusque
572 3798 679 3887 image
689 3797 753 3866 aris
764 3794 896 3891 imponi
990 3800 1020 3865 i.
1044 3797 1158 3867 lixulta
1180 3801 1216 3868 iu
1237 3800 1329 3868 omni
1342 3800 1454 3884 eorde,
1469 3795 1539 3866 iilia
1657 3855 1658 3858 ,

310 3894 374 3963 imo
397 3895 431 3966 S.
455 3893 522 3983 ipss
537 3890 671 3960 Carolus
687 3892 902 3963 normanus
948 3890 1137 3962 Jerusalem:
1289 3946 1292 3953 .

310 4007 375 4055 non
399 3984 507 4055 multis
531 3993 605 4077 post
626 3985 719 4055 annis
757 3982 897 4074 dignam,
992 3990 1028 4067 ri.
1050 3986 1117 4063 Rex
1139 3985 1539 4057 lsraelliominusinme-

311 4098 396 4167 quae
432 4076 474 4147 ab
513 4077 697 4170 apostolica
733 4076 819 4149 Sede
865 4078 900 4147 ia
945 4068 1003 4145 dio
1026 4078 1082 4146 tui.

310 4172 498 4240 &notarum
522 4172 686 4263 Virginem
708 4170 818 4241 album
849 4190 901 4242 re·
994 4171 1045 4240 Ad
1067 4170 1200 4264 Mopnr's.
1217 4173 1288 4243 Ant.
1304 4169 1464 4240 multavit
1482 4190 1546 4239 eor

310 4263 456 4345 terretur,
482 4265 604 4335 Brixiae
626 4266 732 4358 palam
754 4267 900 4339 asseruit
946 4285 1055 4335 meum
1079 4267 1112 4336 ia
1135 4267 1283 4351 Domino,
1307 4276 1340 4336 et
1360 4263 1542 4340 exaltatum
