3584 5034
316 653 382 718 tro
510 647 540 692 Ψ
736 650 864 728 nesea
886 639 1118 721 rovocans

272 788 274 792 ’
312 766 401 832 sione
423 761 465 830 ad
481 764 626 855 pietatem
639 763 801 857 portendit
824 762 904 831 indi·
951 759 1047 831 lande
1069 761 1164 830 animi
1180 758 1339 843 demissio,
1355 759 1538 832 eumabao·

312 857 361 924 cia
369 858 494 926 futurae
505 859 686 940 sanctitatis,
698 880 782 950 quae
797 857 904 939 multo
945 856 1047 924 lutum
1072 856 1244 924 sanctitatis
1275 855 1437 949 exemplar
1457 875 1536 926 con-

236 1037 239 1043 ,
311 950 446 1017 clariora
459 950 574 1018 deinde
585 953 654 1040 ejus
670 953 701 1017 in
716 947 902 1020 adolescen-
947 947 1127 1017 stituebant.

312 1046 355 1110 tia
378 1044 557 1124 eluxerunt,
573 1065 647 1112 curn
672 1047 803 1115 Romam
824 1060 901 1134 pro·
951 1125 953 1129 ι
993 1045 1025 1122 13.
1050 1042 1236 1110 Honestum.

311 1138 414 1205 lectus
453 1139 485 1204 in
509 1137 648 1227 Collegio
673 1139 815 1205 Romano
838 1147 906 1203 stn—
1180 1137 1262 1205 Lact.
1291 1154 1320 1204 r.

311 1230 372 1297 diis
395 1230 580 1312 litterarum,
606 1252 645 1298 ac
688 1216 906 1322 philosophiae
953 1179 1095 1299 Exhao
1107 1229 1233 1297 virtutis
1251 1227 1370 1309 schola,
1389 1237 1542 1318 suscepto

309 1323 600 1414 operamdedit.lta
611 1325 735 1394 enimin
746 1323 800 1389 illa
811 1321 907 1390 sebo·
953 1321 1147 1404 Sacerdotio,
1173 1313 1543 1412 atquetbeologicisstu-

309 1417 411 1510 larum
428 1417 608 1486 celebritate
625 1427 673 1486 est
688 1426 843 1496 versatus,
861 1425 898 1482 ut
946 1414 1006 1484 diis
1033 1415 1074 1484 ad
1086 1415 1349 1507 praedicationem
1375 1414 1541 1495 formatus,

311 1509 390 1577 dum
415 1511 528 1598 ingenii
552 1510 776 1579 exercitatione
803 1509 903 1577 nemi·
950 1511 1085 1599 'urgente
1125 1509 1158 1576 in
1181 1510 1343 1602 proximos
1381 1507 1544 1588 charitate,

309 1604 341 1670 ni
353 1603 553 1684 concederet,
571 1604 753 1671 innocentia
765 1623 904 1683 morum,
951 1613 1114 1694 tamquam
1138 1625 1158 1671 e
1182 1623 1309 1672 carcere
1332 1598 1372 1668 ad
1397 1619 1542 1680 cursum,
1661 1683 1662 1686 Ἴ

309 1697 491 1764 austeritate
506 1697 607 1777 'vitae
631 1706 816 1796 contemptu
838 1695 900 1775 sui,
948 1696 990 1763 ad
1030 1695 1200 1764 lucrandas
1229 1696 1349 1762 animas
1384 1713 1546 1782 egressus,
1661 1751 1662 1778 ,

310 1789 419 1857 studio
443 1789 549 1873 rerum
584 1789 764 1859 divinarum
793 1809 904 1859 omnes
951 1798 1038 1856 tanta
1077 1787 1276 1856 contentione
1320 1785 1547 1876 apostolatum·

177 1930 181 1934 Α
310 1881 521 1964 antecederet,
534 1880 615 1951 adeo
627 1895 662 1950 ut
674 1884 709 1948 in
725 1881 910 1956 adolescen-
956 1882 1105 1972 suscepit,
1129 1891 1166 1948 ut
1180 1877 1346 1948 conatibus
1363 1879 1464 1967 impar
1476 1879 1548 1966 eje*
1661 1937 1662 1944 ,

250 2019 255 2027 ›
305 1988 353 2056 te,
377 1975 457 2043 alter
476 1977 627 2069 aloysius
660 1977 810 2064 Gonzaga
832 1973 919 2041 Col-'
951 1986 1006 2043 ctu
1029 1975 1190 2062 sanguinis
1215 1969 1404 2064 apostolicis
1426 1968 1546 2038 labori-

312 2069 396 2158 legio
419 2069 461 2136 illi
487 2068 629 2138 redditus
653 2068 825 2137 videretur.
850 2068 907 2135 llis
955 2067 1017 2134 bus
1039 2068 1073 2134 in
1086 2063 1546 2158 ipso'pracdicationisexorsu

310 2164 423 2254 positis
468 2159 682 2230 fundamentis
729 2162 770 2228 ad
787 2180 905 2229 consu·
951 2158 1108 2228 abstinere
1131 2161 1159 2228 ei
1184 2159 1278 2228 luerit
1311 2175 1450 2225 necesse.
1474 2157 1572 2224 lloc·

312 2255 466 2323 mendum
489 2255 662 2322 sanctitatis
695 2274 790 2344 opus,
813 2252 904 2344 quod
952 2273 993 2324 ex
1018 2253 1131 2323 morbo
1148 2252 1260 2345 quinto
1275 2259 1348 2342 post
1363 2269 1451 2317 anno
1473 2248 1545 2316 llei-

312 2346 480 2416 aedificare
504 2358 663 2438 coeperat,
681 2347 761 2416 inter
776 2347 904 2416 sodales
950 2369 1047 2440 perae
1087 2365 1149 2437 ope
1173 2341 1336 2414 <relevatus
1353 2342 1394 2409 ed
1438 2342 1545 2434 pristi-

311 2442 516 2509 Carauitanos
555 2438 709 2523 adlectus,
745 2438 823 2508 dum
864 2437 907 2508 de
954 2463 1026 2508 nam
1051 2434 1286 2520 contentionem
1322 2439 1365 2503 ita
1392 2457 1429 2504 se
1452 2455 1545 2502 reno-

305 2554 402 2603 ¹more
425 2532 510 2601 illius
540 2531 676 2602 sodalitii
713 2543 799 2604 totus
822 2543 907 2601 essct
955 2533 1048 2612 ravit,
1072 2542 1108 2598 nt
1119 2531 1256 2621 prodigii
1273 2530 1345 2598 loco
1363 2527 1543 2609 haberetur,

312 2627 344 2694 in
358 2625 503 2699 narranda
513 2647 611 2717 opera
630 2627 820 2718 apostolicis
843 2627 904 2694 Ur·
951 2627 984 2693 in
1008 2624 1204 2716 cerpusculo
1225 2621 1309 2692 adeo
1333 2623 1470 2712 graviter
1497 2620 1545 2688 al·

292 2719 362 2788 bis
384 2719 674 2804 concionatoribus,
695 2722 905 2812 captuslpo-
950 2718 1045 2798 lecto,
1070 2717 1187 2799 inedia,
1210 2716 1334 2808 vigiliis,
1358 2715 1545 2783 maceratio-
1661 2771 1662 2780 ,

314 2814 450 2882 stolatus
474 2805 636 2882 sanctitate
648 2812 723 2880 nibil
748 2813 850 2902 magis
874 2812 905 2878 in
952 2808 1049 2880 nibus
1074 2831 1200 2902 semper
1223 2819 1404 2890 extenuato,
1425 2817 1545 2876 unum

315 2910 401 2974 votis
436 2905 552 2974 babere
591 2907 706 2998 coepit,
745 2929 844 2997 qnam
873 2927 910 2974 se
958 2905 1061 2972 inesse
1083 2903 1273 2973 firmitatem.
1296 2905 1365 2971 Hoc
1405 2903 1438 2970 in
1463 2901 1546 2968 vitae

313 3010 416 3068 totum
439 3001 658 3091 pmximorum
673 2999 769 3067 saluti
780 2997 913 3070 dedica·¹
957 3020 1072 3086 genere
1095 2985 1261 3088 ndnquam
1286 3017 1345 3065 nec
1382 2993 1548 3063 laboribus

314 3115 360 3162 re.
383 3091 434 3160 Ad
458 3089 547 3183 quod
595 3094 678 3160 vitae
717 3114 819 3181 genus
843 3112 910 3181 quo
957 3091 1165 3173 delaticatus,
1200 3111 1302 3160 annos
1332 3101 1471 3179 quatuor
1492 3108 1549 3153 su-

313 3185 439 3254 lacilius
463 3186 665 3266 lermaretur,
680 3187 814 3264 terrenis
837 3204 908 3251 orn-
952 3205 1012 3275 pre
1062 3184 1272 3278 quadraginta
1324 3178 1547 3274 perseveravit:

315 3278 412 3350 nibus
422 3277 587 3361 abdicatis,
605 3279 635 3346 in
654 3278 819 3346 Familiam
835 3277 913 3343 Fra·
959 3287 1178 3366 quantacun
1202 3279 1378 3348 animarum
1402 3272 1550 3353 utilitate,

311 3383 398 3440 trum
421 3372 578 3439 llinorum
597 3371 849 3440 lielorrnatorum
859 3369 908 3436 in·
955 3369 1118 3438 declarant
1141 3372 1248 3440 ltaliae
1272 3367 1424 3458 Regiones
1447 3363 1550 3432 admi·
1661 3389 1662 3394 ¹

275 3523 278 3528 .
313 3465 414 3533 stituti
455 3463 614 3553 rigidioris
653 3465 815 3554 ingressus
855 3474 912 3532 cst.
960 3461 1049 3530 rabili
1067 3465 1136 3553 ejus
1177 3459 1302 3531 dicendi
1327 3460 1369 3540 vi,
1408 3479 1475 3550 qua
1498 3457 1549 3526 vel
1661 3531 1662 3540 χ

311 3557 373 3627 llic
414 3554 569 3648 quamdiu
592 3557 670 3625 vixit
707 3577 911 3648 nunquama
958 3554 1221 3625 obstinatissimos
1259 3573 1393 3645 qnoque
1423 3551 1549 3646 pervin-

314 3672 443 3722 summa
458 3650 622 3719 sanctitate
638 3659 687 3718 est
702 3650 793 3718 risus
817 3649 911 3719 abes·
957 3648 1059 3732 cebet,
1071 3649 1111 3717 ad
1124 3645 1447 3739 Religionisstudium
1457 3664 1548 3714 revo-

314 3766 360 3815 se.
385 3741 580 3812 Admiranda
602 3744 635 3813 in
658 3742 840 3812 domesticis
863 3743 910 3814 le·
956 3751 1055 3824 eatae,
1088 3763 1126 3811 ac
1138 3742 1222 3812 Urbs
1245 3743 1346 3810 Roma
1368 3739 1549 3833 praecipue,

314 3837 409 3929 gibus
432 3834 596 3906 servandis
607 3836 777 3926 vigilantia,
799 3839 909 3928 singu·
955 3857 1041 3926 quae
1063 3834 1274 3905 concionibus
1297 3835 1367 3924 ejus
1391 3831 1431 3900 ad
1467 3851 1547 3923 quas

316 3932 383 4001 lars
406 3931 557 4002 orationis
589 3929 744 4012 studium,
774 3930 909 4006 eximius
955 3930 1048 3998 ctiam
1073 3927 1262 3999 Benedictus
1286 3926 1431 3996 decimus
1453 3946 1550 4016 quar-
1661 4009 1662 4024 χ

316 4025 348 4091 in
372 4026 493 4107 lesum,
511 4032 609 4116 atque
625 4025 791 4116 Deiparam
809 4043 910 4104 amor,
959 4031 1011 4090 tus
1030 4023 1191 4106 interluit,
1215 4022 1298 4092 adeo
1321 4020 1363 4089 ad
1400 4020 1548 4088 virtutem
1661 4027 1662 4058 t

316 4114 445 4184 assidua
481 4119 516 4185 in
555 4114 736 4186 alllictando
772 4137 910 4208 corpore
958 4119 1085 4198 exarsit,
1104 4128 1141 4186 nt
1154 4118 1277 4185 fructus
1308 4113 1415 4183 adbuc
1437 4130 1550 4203 peren·

316 4205 481 4291 acerbitas,
504 4208 908 4304 ardensinproximoscba·
942 4219 1034 4278 ‘nent
1055 4209 1250 4280 admirabilis
1272 4209 1360 4277 illius
1381 4202 1548 4296 apostola-

317 4301 402 4382 ritas,
426 4321 551 4371 summa
573 4306 608 4378 in
646 4302 731 4373 omni
755 4304 908 4378 virtutum
956 4311 1018 4376 tus.
1042 4303 1109 4376 Nec
1131 4323 1221 4388 vero,
1260 4301 1341 4372 dnm
1368 4307 1549 4372 exterorum
