3584 5034
351 608 415 673 rro
830 583 1085 679 *rasni-rum

478 717 593 810 'Cupit
637 716 642 743 ⁴
693 718 919 791 Hennaea..
973 730 1099 789 aeterna
1109 730 1283 810 pastorum.
1306 720 1368 789 Per
1379 718 1564 791 'Dominum

397 820 505 892 ratres,
531 821 719 891 mementote
735 812 931 905 praeposito
999 851 1002 857 ,
1070 814 1119 880 Aa
1134 813 1333 897 Mutationem,
1350 813 1474 882 Inoitot.

343 924 414 971 rum
439 913 626 986 vestrorum,
656 906 724 996 qui
754 906 845 973 vobis
883 906 931 973 lo·
1023 905 1565 1000 Christumerineipempastorum*

344 1000 437 1086 quuti
460 1009 534 1065 sunt
558 998 690 1066 verbum
707 998 772 1067 Dei:
790 1004 930 1089 qnorum
977 998 1086 1068 venire
1109 1000 1288 1069 adoremus.
1412 1035 1415 1038 ·

343 1087 498 1181 intuentes
522 1092 640 1160 exitum
665 1092 925 1176 conversationis,
1203 1096 1347 1183 Hymnus

294 1266 298 1273 Ι
342 1170 633 1251 imitaminifidem.
810 1220 819 1238 ··
977 1137 1150 1253 AEterna
1190 1187 1484 1269 Christimrinera,

559 1280 710 1369 ,Hymnus
845 1290 847 1293 ’
880 1316 881 1319 ¹
998 1279 1037 1345 Et
1059 1280 1415 1367 gloriam'Pontificum,
1531 1289 1535 1363 ζ

343 1327 445 1437 Rex
466 1369 601 1458 gloriose
626 1370 819 1461 praesulum,
857 1406 861 1415 -
998 1372 1124 1446 Laudes
1150 1385 1297 1442 canentes
1315 1375 1448 1457 debitaS,
1520 1374 1567 1458 ᾖ(-

364 1463 488 1531 Corona
511 1461 738 1544 confitentium,
821 1476 824 1482 '
1000 1466 1101 1532 Laetis
1117 1487 1269 1547 canamus
1287 1467 1456 1535 mentibus.

364 1557 426 1638 Qui
451 1568 634 1647 respuentes
661 1567 763 1623 terrea
976 1558 1191 1626 Ecclesiarum
1207 1564 1376 1651 principes,
1497 1554 1569 1662 2

365 1648 517 1717 Perdueis
541 1646 581 1715 ad
606 1650 762 1717 coelestia.
883 1692 892 1711 .
1000 1651 1075 1717 Belli
1100 1655 1303 1748 triumphales
1326 1654 1436 1735 duces,
1549 1675 1567 1727 ,’
1615 1713 1620 1724 ,

341 1746 459 1811 numm
484 1740 658 1831 benignam*
675 1744 840 1833 protinus,
995 1743 1145 1811 Coelestis
1168 1745 1428 1826 aulae·milites,·
1459 1733 1566 1783 '0³⁸0

363 1840 503 1927 Appone‘
519 1838 636 1904 nostris
661 1836 810 1927 vocibus:
902 1852 905 1858 ’
997 1836 1135 1904 lit‘vera
1159 1836 1268 1904 mundi
1285 1833 1441 1904 'lumina'
1468 1838 1481 1850 ”
1505 1834 1530 1864 ‘⁴
1554 1834 1561 1844 ’

365 1927 530 2021 Trophaea'
549 1951 640 1998 sacra
670 1933 854 2021 pangimus,
975 1930 1096 1996 Ilevota
1119 1942 1300 1998 sanctorum
1325 1928 1447 2011 oum*
1536 1996 1540 2002 .

364 2022 498 2111 Ignosce
523 2022 610 2113 quod
635 2023 837 2113 deliquimus.
906 2029 910 2037 '
1001 2022 1123 2089 lnviota
1144 2023 1218 2113 spes
1242 2020 1486 2116 credentiumff·
1503 2018 1567 2115 ij

343 2117 390 2183 'lu
415 2117 514 2183 vincis
539 2115 570 2181 in
596 2114 795 2208 martyribus,
998 2116 1138 2184 Perfecta
1163 2117 1274 2185 Christi
1299 2119 1424 2206 caritas,
1556 2117 1565 2146 '·

364 2206 526 2275 Parcendo
550 2207 795 2289 confessoribus,
835 2244 840 2251 ν
876 2222 878 2231 ’
970 2207 1107 2276 ‘Mundi
1124 2209 1561 2302 trinnrphat'prinoipem.¹·;
1660 2239 1661 2276 l

365 2302 411 2366 Tu
438 2302 529 2368 vince
552 2312 656 2367 nostra
682 2302 814 2369 erimina
977 2302 1015 2370 In
1040 2302 1087 2370 his
1112 2306 1242 2371 Paterna
1267 2298 1461 2393 gloria,”'²”'·
1487 2300 1505 2318 ‘⁸

368 2392 521 2461 Donando
545 2394 778 2484 indulgentiam.
809 2410 813 2417 ·
1000 2397 1036 2462 In
1061 2397 1110 2463 his
1133 2397 1279 2464 voluntas
1302 2398 1450 2486 Spiritus,

342 2488 411 2555 lieo
434 2488 517 2554 Patri
540 2492 579 2555 sit
604 2488 713 2577 gloria,
998 2490 1127 2555 Exultat
1151 2489 1181 2555 in
1206 2489 1253 2556 his
1278 2489 1387 2569 Filius,

363 2580 506 2672 Ejusque
528 2582 586 2649 soli
613 2582 700 2663 Filio,
999 2581 1129 2647 Coalum
1157 2583 1296 2670 repletur
1319 2583 1446 2671 gaudio.
1509 2603 1514 2612 ·

364 2674 444 2743 Cum
469 2677 594 2766 Spiritu
610 2674 773 2756 Paraelit0,
977 2675 1020 2742 Te
1045 2686 1139 2743 'nunc
1177 2674 1391 2766 Redemptor,
1430 2696 1570 2769 quaesu-
1660 2697 1661 2758 l

365 2769 404 2837 Et
415 2790 511 2849 nunc,
524 2780 555 2837 et
566 2770 596 2835 in
610 2780 808 2859 perpetuum.
821 2770 932 2835 Amen.
993 2780 997 2785 ·
1051 2787 1131 2836 mue.

386 2862 415 2925 i.
441 2862 584 2929 Exaltent
622 2882 678 2929 eus
717 2863 748 2928 in
788 2862 931 2931 Ecclesia
999 2861 1041 2931 Ut
1064 2862 1209 2953 ip'sorur‘n'
1230 2864 1401 2943 consortio,
1660 2939 1661 2942 ¹

341 2950 453 3044 plebis.
1003 2956 1122 3042 lungae
1145 2968 1329 3044 praeeantes
1352 2954 1507 3036 servulos,
1660 2983 1661 3022 r

388 3050 421 3125 d.
446 3046 485 3111 ur
508 3046 540 3111 in
580 3042 730 3113 cathedra
769 3048 932 3114 seniorum
1003 3047 1041 3113 ln
1065 3049 1255 3136 sempiterna
1278 3048 1413 3117 saecula.
1660 3071 1661 3078 ¹

342 3136 473 3209 laudent
495 3158 563 3207 cos.
1051 3143 1161 3209 Amen.

510 3234 561 3301 Ad
584 3226 765 3321 Magnifical
998 3231 1049 3299 Ad
1071 3236 1180 3303 Motot.
1213 3234 1338 3323 Antr'plt.
1364 3233 1448 3301 Paul.
1474 3242 1503 3301 et
1518 3236 1572 3304 ii.

386 3325 510 3416 Antiph.
535 3325 720 3393 Sacerdotes
745 3324 802 3391 Dei
830 3320 928 3392 bene·
976 3325 1204 3394 Nocturnomm
1227 3326 1371 3397 dicuntur
1406 3328 1444 3394 do
1476 3328 1571 3405 Gunt-
1660 3361 1661 3366 ¹

339 3415 433 3486 dicite
467 3421 647 3489 Dominum:
683 3418 766 3486 servi
802 3416 927 3483 Domini
973 3418 1066 3485 moni
1081 3420 1305 3508 Apostolorum.
1415 3496 1419 3506 ‚

342 3511 498 3604 hymnum
524 3510 617 3580 dicite
640 3512 707 3578 Deo
731 3510 865 3599 alleluja.
1107 3513 1149 3577 lN
1176 3512 1197 3578 l.
1221 3512 1447 3581 Nouruuno

591 3596 700 3673 Oratio
1072 3605 1119 3672 De
1143 3603 1225 3671 libro
1251 3605 1499 3676 Ecclesiaste«
1660 3639 1661 3642 π

341 3654 468 3780 Deus,
501 3697 556 3788 qui
588 3696 717 3788 populis
735 3698 798 3766 tuis
822 3695 932 3764 indul·
1128 3697 1277 3767 Laetior.
1390 3702 1467 3789 Cap.
1493 3698 1559 3764 tt:

342 3794 447 3883 gentia
467 3789 619 3871 consulis,
643 3800 675 3858 et
697 3812 805 3859 amore
829 3790 933 3858 domi·
981 3742 1192 3859 Laudemus
1216 3792 1299 3861 viros
1334 3791 1499 3881 gloriosos,
1539 3792 1575 3859 'et

343 3889 436 3953 naris:
453 3884 652 3976 despiritum
669 3886 851 3975 sapientiae,
868 3883 935 3951 sul·
982 3898 1128 3976 parentes
1152 3895 1278 3953 nostros
1308 3885 1338 3951 in
1369 3885 1575 3975 generatione

343 3978 539 4067 fragentibus
552 3980 861 4045 meritishntistitum
874 3979 934 4047 Ec·
980 4000 1049 4045 sua.
1085 3978 1213 4045 llultam
1238 3979 1369 4067 gloriam
1395 3978 1467 4045 lecit
1507 3976 1577 4044 [lo-

344 4070 459 4140 clesiae
483 4083 575 4152 tuae,
600 4071 717 4162 quibus
749 4070 861 4139 dedisti
887 4092 938 4139 re-
983 4072 1089 4139 minus
1113 4072 1345 4159 magnificentia
1369 4091 1471 4136 suaa
1499 4090 1577 4140 sae·

345 4163 656 4258 gimendisciplinae,
675 4162 766 4233 utdo
787 4164 934 4256 profectu
980 4164 1064 4233 culo.
1090 4166 1290 4234 Dominantes
1314 4166 1345 4230 in
1360 4162 1576 4254 potestatibus

345 4264 528 4343 sanctarum
567 4259 687 4339 ovium,
724 4256 801 4328 fiant
822 4256 939 4347 gaudia
985 4258 1061 4340 suis,
1088 4256 1231 4328 homines
1254 4259 1360 4347 magni
1383 4259 1512 4342 virtute,
1540 4268 1576 4329 et
