3584 5034
685 640 813 708 testa
835 637 1062 710 multumt
1417 645 1484 716 tt7

129 758 147 815 Ἃ
259 747 323 820 bue
343 747 497 831 Zebedaei
520 746 603 818 alite
639 749 727 822 Tunc
762 752 847 822 enim
1147 752 1270 833 Oratim,

128 855 141 926 ‚³
254 841 424 913 subductis
462 841 505 911 nd
540 853 655 912 terram
695 845 843 928 naribus,
893 799 1020 930 Deus,
1063 846 1120 937 qui
1157 863 1215 940 por
1248 847 1488 920 Immaculatam

141 1003 143 1006 ,
257 947 421 1026 tamquam
445 955 524 1004 cura
547 936 712 1016 redeundi.
727 938 786 1007 sed
802 942 843 1006 ita
890 940 1025 1030 Virginis
1059 941 1305 1031 conceptionem
1345 940 1478 1032 dignum

255 1049 331 1096 eum
356 1029 457 1100 secuti
479 1041 563 1111 suut,
589 1042 752 1121 mmquam
787 1054 844 1102 vo·
892 1034 972 1100 Filio
1001 1044 1058 1102 tuo
1098 1031 1314 1102 habitaculum
1352 1055 1485 1128 praepa·

255 1132 381 1190 cantem
404 1134 436 1190 et
453 1123 647 1212 jubentem.
672 1135 708 1192 ut
729 1147 845 1216 seque-
892 1129 990 1208 rasti;
1026 1147 1244 1218 quaesumus,
1270 1137 1306 1195 ut
1344 1130 1400 1218 qui
1446 1147 1487 1200 ex

258 1222 391 1282 rentur.v
892 1235 994 1292 morte
1024 1219 1168 1309 ejusdem
1200 1220 1267 1288 Filii
1309 1224 1357 1289 tui
1396 1243 1487 1314 pree·

303 1308 346 1377 Te
369 1310 473 1378 Deum
496 1307 678 1395 laudamus,
700 1319 761 1380 etc.
894 1313 1067 1393 nicaeam
1093 1311 1243 1382 abomni
1282 1313 1356 1384 labe
1395 1337 1488 1406 prae·
1612 1383 1614 1390 Α

894 1406 1039 1487 servasti,
1079 1425 1139 1474 nos
1177 1425 1310 1497 quoque
1349 1407 1488 1478 mundos
1634 1469 1635 1477 ,

487 1494 557 1562 utu
583 1498 615 1563 8.
893 1500 964 1588 ejus
972 1497 1198 1569 intercessione
1214 1498 1255 1566 ad
1271 1513 1302 1568 to
1317 1504 1488 1590 pervenite

320 1586 782 1660 lmmmmcmenrnonn
897 1591 1065 1661 concedas.
1077 1594 1137 1662 Per
1146 1591 1295 1663 eumdem
1308 1594 1488 1664 Dominum.

468 1683 502 1750 B.
529 1683 569 1750 ll.
593 1684 627 1751 V.
939 1685 1059 1754 Deinde
1075 1687 1111 1774 fit
1125 1685 1377 1756 commemoratio
1391 1710 1489 1778 prae-

584 1825 592 1843 .
894 1779 960 1848 ced.
984 1790 1012 1848 el
1042 1777 1143 1870 seriae
1158 1800 1278 1848 mmor.

370 1869 402 1936 2.
420 1868 512 1938 cloes.
529 1879 734 1940 mmmmm.
950 1900 952 1904 ·
1059 1872 1108 1939 Ad
1127 1873 1319 1941 Matutmom

347 1961 391 2028 ΙΝ
408 1962 546 2030 Pullsss
566 1958 758 2030 vustssuls
944 1962 1177 2034 Ioua'lolorl'mtt.
1249 1965 1489 2034 immaculatam

325 2056 397 2122 Am.
422 2055 500 2120 Tota
524 2055 660 2123 Pulchra
684 2078 720 2124 ee
754 2056 854 2125 llario
901 2056 1147 2148 Conceptioucm
1186 2051 1321 2146 Virginis
1377 2059 1492 2130 Mariae

129 2205 136 2223 χ.
254 2169 329 2215 eam
349 2144 482 2234 raliom'a
508 2148 546 2216 de
564 2148 760 2218 Loretum·
901 2149 1101 2220 celebremus
1123 2147 1144 2194 *
1170 2149 1326 2218 Christum
1352 2153 1422 2241 ejus
1452 2150 1490 2218 fi-

302 2237 429 2308 Paulmt'
456 2249 491 2308 ut
530 2238 566 2305 m
604 2240 694 2331 [estis
732 2245 849 2312 aeona
893 2241 974 2311 lium
1001 2243 1173 2311 adoremus
1190 2244 1371 2312 Dominum.

254 2331 382 2402 Morino
427 2329 571 2420 Virpim'a
608 2354 670 2424 per
710 2335 845 2419 Aormm
939 2337 1058 2406 Psolm.
1078 2337 1195 2422 ,Venite
1217 2336 1406 2427 exultemus.

390 2438 393 2444 '
505 2423 607 2516 capia
1131 2433 1284 2521 Hymnus.

301 2519 457 2590 Dominus
480 2518 622 2609 possedit
646 2539 706 2588 me.
897 2473 1096 2588 Praeclara
1119 2533 1227 2590 eustos
1252 2519 1430 2612 virginum,

481 2615 626 2702 Hymnus
919 2612 1040 2681 Intacta
1065 2625 1164 2682 mater
1187 2615 1344 2696 Numinis,
1406 2665 1410 2674 .

302 2711 372 2774 Ave
394 2707 492 2773 maris
514 2706 622 2788 Stella,
646 2716 705 2776 ete.
915 2706 1070 2774 Coeleelis
1093 2707 1195 2788 aulae,
1214 2707 1325 2796 janua,

165 2797 169 2806 '
301 2807 331 2875 rt.
354 2797 560 2866 Immaculata
584 2799 758 2890 conceptio
797 2808 849 2868 eet
916 2799 996 2889 Spes
1020 2809 1138 2882 nostra,
1162 2797 1245 2869 coeli
1268 2798 1432 2891 gaudium.

254 2889 350 2961 hodie
373 2893 507 2960 Sanctae
524 2892 638 2959 llariae
657 2894 801 2981 Virginis.
896 2892 983 2966 Inter
1005 2891 1116 2962 rubeta
1140 2893 1253 2976 lilium,

301 2993 335 3062 ul.
359 2986 449 3065 Quae
472 2987 628 3074 serpentia
652 2997 750 3078 caput
783 2987 848 3052 vir·
919 2984 1325 3068 columbalormosissima‚

129 3063 137 3107 ²
254 3079 349 3168 gineo
372 3076 455 3169 pede
471 3079 628 3148 contrivit.
919 3077 1013 3166 Virga
1036 3080 1177 3149 eradlce
1192 3081 1376 3169 germinans

300 3173 339 3240 Iu
372 3167 473 3260 officio
495 3171 597 3241 cetico
630 3192 692 3262 per
729 3193 849 3242 uanum
919 3172 1036 3238 Nostro
1059 3171 1372 3250 medelamvulneri.
1457 3247 1461 3252 ,
1590 3243 1594 3250 ,

253 3271 369 3338 omisso
617 3345 621 3353 ι
678 3315 688 3326 .
896 3265 1327 3357 Turrisdraooniimperuia,

298 3365 330 3428 ri.
354 3356 561 3426 lmmaculata
591 3359 764 3448 Conceptio
802 3368 851 3426 est
919 3361 1037 3426 Amica.
1054 3353 1151 3434 Stella
1175 3359 1348 3446 naufragis,
1395 3422 1400 3434 ,

130 3472 131 3475 ’
254 3450 359 3542 hodie.
383 3453 451 3541 ejus
470 3452 538 3520 loeo
563 3463 628 3520 tom
651 3450 686 3518 m
704 3452 849 3542 Vesperie
920 3451 1021 3520 'luere
1046 3473 1105 3519 nos
1127 3474 1147 3519 a
1171 3451 1359 3534 fraudibus,-

254 3567 345 3634 quom
369 3543 405 3610 in
428 3545 588 3613 Lmtdibue
612 3543 744 3614 dicotur:
920 3545 1052 3635 Tuaque
1076 3545 1280 3635 lucedirige.

300 3645 329 3705 t.
353 3638 560 3706 Immaculata
590 3639 762 3734 conceptio
793 3646 851 3704 tua
894 3637 1019 3706 Erroris
1043 3639 1175 3706 umbrae
1197 3638 1340 3707 discute'

130 3731 155 3836 ζ’
253 3729 309 3800 Ilei
326 3729 467 3798 Genitrix
488 3725 592 3820 Virgo.
917 3732 1027 3822 Syrtes
1048 3731 1317 3812 dolosaaamove,
1359 3751 1361 3760 ⁴

130 3884 131 3909 3
300 3831 331 3907 a.
358 3823 518 3907 Gaudium
549 3823 748 3892 annuntiavit
777 3825 850 3890 uni-
920 3825 1055 3892 Fluctus
1076 3837 1122 3892 tot
1146 3827 1237 3905 inter,
1260 3822 1361 3890 deviis

254 3938 350 3988 verso
364 3915 495 3984 mundo.
631 3970 635 3978 .
733 3993 737 4001 ,
915 3917 1027 3982 'lutam
1052 3916 1183 3986 reclude
1205 3915 1359 3985 semitam.

136 3997 142 4010 '
297 4028 299 4031 ·
418 4011 469 4078 m
494 4007 699 4100 amntem
896 4011 984 4089 sen,
1008 4007 1063 4074 ent
1085 4010 1127 4076 m
1148 4010 1248 4100 grem

301 4100 426 4193 Antiplr.
443 4105 569 4169 Beatam
593 4123 645 4169 me
659 4102 847 4169 dicentum·
915 4103 977 4182 Qui
1002 4111 1095 4169 natus
1118 4119 1154 4171 es
1177 4101 1220 4172 de
1243 4101 1371 4190 Virgine

130 4222 134 4267 z
257 4216 315 4264 uas
339 4187 558 4288 generationes
582 4197 659 4286 quia
682 4195 847 4264 lecitmilni
919 4196 998 4261 Cum
1023 4197 1112 4264 Patre
1136 4205 1168 4264 et
1190 4195 1275 4263 almo
1299 4193 1418 4286 Spiritu

131 4314 134 4383 l
255 4309 371 4379 magna
393 4290 450 4380 qui
473 4299 587 4385 potans
608 4298 674 4362 est·
689 4287 781 4372 Allel.
922 4287 960 4356 lu
974 4287 1328 4380 -senpiternasaeeula
1353 4293 1463 4357 Amen.

131 4395 154 4419 ''
236 4415 241 4422 ’
317 4428 321 4433 ·
564 4414 569 4424 ’
1284 4404 1325 4470 le
