3584 5034
248 732 251 738 ·
281 687 305 755 8
405 679 408 684 ’
723 681 852 756 FBSlA
875 681 1067 760 tnnututt
1422 716 1426 722 ·

331 791 582 885 »intend-Pater
595 794 650 876 mi,
673 795 701 864 si
724 816 789 865 nen
811 807 882 888 po-'
1002 793 1272 876 Adummim,
1297 791 1425 885 Antipt.

284 897 346 956 test
368 886 420 964 hie
435 887 517 957 oalix
531 887 674 970 transire,
689 889 749 962 uisi
766 888 874 958 bibam
967 889 1084 957 Faetus
1100 888 1134 955 in
1149 888 1263 976 agonia
1276 885 1518 979 prolixius-orna-

285 981 386 1064 illum,
413 978 469 1048 liat
491 980 639 1049 voluntas
663 991 727 1050 tna.
920 975 986 1062 ban
1009 989 1043 1049 et
1063 980 1167 1050 laetus
1189 989 1239 1048 est
1259 977 1362 1048 sudor
1376 980 1447 1067 ejus
1467 980 1521 1047 si·

242 1106 246 1112 Δ
442 1071 544 1161 Cupit.
637 1075 745 1144 Mottlt.
769 1075 824 1142 26.
918 1081 985 1140 eur
995 1082 1106 1162 guttae
1126 1071 1290 1162 sanguinis
1313 1069 1515 1142 decurrentis

285 1115 575 1234 venitlesusad
591 1164 868 1256 dimipnlossuos,
916 1162 951 1230 in
974 1173 1100 1234 terram.
1662 1169 1670 1221 l

287 1266 319 1324 et
343 1256 463 1324 invenit
485 1276 541 1324 eos
557 1255 759 1336 dormientes,
775 1266 807 1325 et
823 1255 872 1322 di-
968 1255 971 1264 '
1170 1254 1281 1326 Oratio
1466 1313 1470 1318 ,

285 1349 330 1416 eit
352 1350 454 1416 Petro:
470 1349 523 1415 sie
547 1369 612 1418 non
634 1350 782 1439 potuistis
809 1369 875 1416 nna
922 1301 1086 1419 Domine
1095 1352 1171 1417 lesu
1187 1349 1320 1430 Christe,
1333 1348 1390 1437 qui
1402 1346 1516 1417 inhor-
1615 1359 1618 1366 '

286 1438 364 1507 hora
397 1440 526 1530 vigilare
548 1441 699 1511 meeum?
725 1439 872 1530 Vigilate,
922 1450 955 1510 to
978 1440 1090 1524 verbo,
1113 1451 1145 1509 et
1167 1441 1315 1532 exemplo
1334 1460 1395 1508 nos
1424 1461 1517 1509 oram
1578 1525 1582 1531 Ι

286 1540 319 1599 et
341 1542 439 1614 orate,
463 1541 501 1602 ut
524 1553 589 1602 non
605 1533 726 1602 intretis
749 1533 781 1601 in
804 1541 874 1602 ten·
920 1531 1057 1602 docuisti
1080 1533 1122 1601 ad
1145 1535 1354 1601 tentationum
1369 1532 1515 1623 pericula

286 1624 447 1693 tationem.
922 1625 1113 1716 superanda:
1137 1624 1517 1714 eoneedepropitins3ut

513 1719 667 1808 Hymnus.
922 1737 982 1785 nos
1005 1717 1138 1799 orationi
1161 1737 1289 1806 semper
1301 1715 1423 1794 intenti,
1446 1716 1517 1802 ejus

285 1760 415 1875 Venit
437 1828 457 1876 e
480 1809 570 1876 eaelo
594 1808 748 1879 Mediator
769 1809 845 1894 alto,
924 1807 1090 1901 copiosum
1113 1807 1255 1876 lmntum
1278 1806 1435 1899 consequi
1448 1827 1516 1876 me·

306 1898 414 1980 ¹Quem
426 1901 509 1970 seori
525 1900 649 1972 dudum
665 1903 877 1994 ceeinereve-
924 1921 1061 1970 reamur.
1084 1901 1147 1982 Qui
1170 1899 1260 1967 vivis.

355 2001 405 2060 tes
1036 1993 1088 2061 Ad
1110 1991 1269 2075 Primam,
1292 1987 1418 2082 Antipit.

308 2082 408 2154 Peroe
416 2086 553 2156 moerori
565 2085 782 2178 lacrymisque
794 2104 882 2154 ama·
975 2083 1070 2154 Venit
1089 2085 1195 2152 lesus.

354 2176 401 2243 ris
1034 2176 1085 2244 Ad
1112 2174 1262 2257 Tertium,
1285 2172 1414 2266 Antipt

451 2265 531 2336 Filia
553 2267 641 2350 Sion.
975 2267 1017 2335 lit
1038 2279 1203 2361 assumpto
1227 2269 1332 2338 Petro.

285 2355 885 2443 Attulitmortamvetushortus,unde
930 2435 933 2438 ,
979 2358 1377 2449 Genitlenitlesnsntad
1386 2359 1521 2428 moder.

223 2469 228 2476 ·
308 2448 412 2541 Culpa
426 2449 573 2541 prodivit,
588 2471 696 2543 'novus
711 2452 769 2522 iste
783 2453 881 2523 vitam
972 2451 1006 2529 ll.
1027 2451 1073 2524 br.
1089 2452 1197 2521 Tristis
1213 2462 1263 2521 est
1272 2450 1295 2496 *
1310 2451 1424 2520 nntma
1438 2470 1520 2519 mee.
1535 2480 1539 2487 ·

309 2542 431 2612 lienus
448 2563 490 2610 en
506 2542 776 2624 affert,ubinoete
791 2547 884 2616 lesus
931 2543 1049 2613 Tristis.
1454 2571 1457 2577 ·

450 2635 618 2705 Permanet
638 2655 744 2706 orans.
973 2641 1004 2708 rt.
1028 2635 1140 2728 Usque
1162 2635 1204 2705 ad
1226 2645 1372 2707 mertem.
1396 2633 1520 2703 Anima.

286 2724 725 2819 VindicemplaeatGenitoris
740 2730 829 2798 iram:
927 2728 1035 2799 Gloria
1059 2729 1153 2797 Patri.
1170 2729 1295 2798 inistis.

308 2820 462 2910 deprimit
484 2819 558 2890 lorti
576 2821 725 2909 jacienda
747 2821 859 2893 dextra
973 2831 1004 2900 ᾖ.
1028 2822 1122 2890 Peter
1143 2821 1188 2889 mi
1211 2821 1239 2889 si
1261 2819 1415 2913 possibile
1437 2827 1497 2889 est.

309 2909 469 2978 Fulmina:
495 2914 658 3004 ,occurrit
689 2915 802 2985 sceleri
824 2936 880 2988 ex·
972 2917 1007 2996 d.
1033 2915 1184 2984 Transeat
1206 2935 1227 2982 a
1249 2936 1302 2984 me
1325 2913 1407 2982 calix
1428 2911 1498 2982 iste.

358 3000 479 3094 plaudo
620 3053 622 3058 -
656 3031 661 3038 ·
933 3091 935 3095 .
1046 3007 1098 3075 Ad
1121 3004 1405 3098 Sententiarum.

450 3095 570 3186 Sponte
600 3092 802 3189 Redemptor.
975 3098 1064 3164 Tune
1087 3098 1132 3164 ait
1154 3097 1224 3163 illis.
1264 3128 1267 3135 »
1527 3163 1538 3182 ,

287 3183 341 3253 Sio
355 3183 543 3256 teretduros
558 3187 694 3278 laqueos
704 3189 833 3270 Averni,
867 3201 870 3208 '
1085 3185 1191 3278 eapte
1282 3190 1359 3257 lue.
1384 3186 1440 3254 et.

310 3277 353 3345 Et
374 3276 431 3345 diu
442 3278 584 3349 clausam
595 3278 749 3349 reserabit
761 3278 882 3350 aulam:
929 3232 1098 3368 vigilate
1130 3281 1239 3373 itaque
1263 3280 1350 3348 omni
1383 3288 1528 3370 tempore

144 3393 147 3400 ·
203 3427 205 3432 .
309 3368 378 3437 Nos
397 3367 443 3452 ad
459 3373 577 3442 aeterni
592 3371 856 3444 revocans'beate
924 3382 1063 3454 orantes,
1087 3382 1123 3441 nt
1145 3372 1232 3463 digni
1264 3368 1444 3442 habeamini
1475 3369 1529 3436 fn·
1666 3368 1673 3402 l

370 3485 404 3554 g
453 3461 578 3533 Gaudia
605 3467 705 3556 regni.
926 3485 1009 3555 gere·
1041 3465 1101 3534 ieta
1141 3467 1267 3550 omnia,
1292 3485 1378 3556 quae
1414 3462 1526 3530 lutura
1668 3490 1672 3509 ⁴

133 3623 143 3640 ,
289 3551 385 3636 Laus,
418 3550 522 3628 honor
562 3557 659 3642 Patri,
695 3558 890 3650 genitaeque
928 3564 1016 3640 sunt,
1035 3564 1069 3624 et
1082 3567 1168 3626 stare
1181 3568 1257 3626 ante
1271 3553 1528 3626 fitiumlreminis.

334 3645 420 3718 Proli
754 3733 757 3739 Ι
976 3659 1008 3735 q.
1031 3648 1079 3716 tr.
1103 3637 1196 3719 Pater
1217 3649 1264 3719 mi
1286 3647 1309 3695 *
1332 3648 1366 3718 Si
1384 3645 1522 3741 possibi-

316 3739 376 3809 Cui
391 3736 502 3810 datum
532 3759 650 3814 nomen
671 3761 881 3836 superenne
906 3739 960 3811 'le
982 3751 1041 3810 est
1065 3742 1168 3812 Pater.

222 3859 225 3868 ι
359 3851 489 3916 nemen,
977 3839 1008 3908 o.
1039 3833 1191 3906 Transeat
1218 3854 1240 3904 a
1269 3856 1322 3906 me
1349 3829 1433 3904 calix
1452 3832 1522 3902 iste·

312 3921 525 3997 litParacleto
541 3923 653 4010 decus,
669 3934 768 4018 atque
782 3928 885 3998 nnus
930 3927 965 3997 Si
980 3925 1148 4088 genethlio.
1258 3934 1266 3953 ‘

453 4019 558 4088 Omne
578 4041 638 4111 per
659 4040 786 4092 aevum.
1010 4019 1089 4088 toria
1111 4021 1207 4091 Patri
1229 4021 1323 4092 Pater
1343 4021 1398 4090 mi.

475 4115 587 4182 Arnen.
975 4110 1006 4177 9.
1030 4109 1171 4202 Vigilate,
1194 4123 1228 4184 et
1249 4124 1348 4186 orate.

291 4196 320 4266 t.
343 4195 431 4268 Doce
453 4221 513 4270 nos
535 4224 638 4274 orare.
784 4253 787 4260 -
970 4208 1009 4287 rt.
1039 4202 1083 4275 Ut
1104 4225 1170 4277 uon
1200 4207 1342 4282 intretis·
1357 4206 1392 4278 in
1420 4208 1524 4276 unte«
1626 4207 1631 4216 ’

291 4297 324 4372 rt.
348 4289 399 4362 Sis
422 4313 499 4382 ergo
522 4314 582 4368 ves
605 4293 744 4384 orabitis,
932 4295 1058 4368 tionem
1326 4349 1329 4357 ,
