3584 5034
710 603 837 672 FESTA
859 604 1087 675 uucnumus
1446 603 1511 676 tut

282 722 408 813 lapsam-
424 703 693 800 transmittet
710 715 868 785 Adamum
916 729 963 787 tes
986 717 1135 810 perennis
1158 719 1253 789 iontis
1268 711 1438 790 dulcedine
1460 743 1511 790 sa·

282 809 471 904 eparadiso
512 810 670 901 dejectum
709 811 742 877 in
766 811 874 879 coelos
921 814 988 882 tias.
1014 816 1081 880 Ave
1106 810 1307 880 Sanctissima
1333 813 1509 884 naterlm-

283 908 377 975 misit.
403 904 475 996 ipsa
498 906 580 973 enim
598 914 646 973 est
669 905 748 972 coeii
765 917 798 973 et
812 916 874 974 ter·
921 904 1105 988 maculata,
1130 928 1214 997 quae
1248 906 1383 996 genuisti
1422 906 1512 978 Chri-

283 1023 339 1069 rae
378 1000 559 1078 mediatrix,
600 1021 683 1089 quae
723 997 874 1067 unionem
921 1001 1017 1078 stum,'
1042 1001 1097 1090 qui
1122 1009 1265 1069 estante
1287 1009 1327 1068 te.
1353 1003 1512 1092 duspur-

283 1095 468 1161 naturaiiter
490 1093 619 1182 peregit.
922 1115 1002 1184 pura
1029 1095 1123 1182 regia,
1148 1109 1231 1183 qnae
1247 1094 1326 1161 coeli
1345 1102 1511 1185 terraeque

329 1191 362 1267 [ξ.
386 1186 564 1276 Magnificat
585 1188 690 1253 anima
713 1184 793 1254 mea.
912 1188 1037 1274 Regem
1069 1186 1216 1254 induisti.
1255 1192 1322 1254 Ave
1360 1186 1441 1254 liber
1464 1190 1510 1256 in-

504 1282 652 1370 Lert.1u.
921 1279 1180 1371 comprehensus,
1209 1303 1292 1371 quae
1317 1280 1456 1348 Verbum
1480 1293 1512 1351 et
1567 1355 1573 1367 ,

285 1326 426 1440 Gratia
450 1373 583 1439 Sanctae
600 1371 737 1459 Virginis
752 1383 800 1440 est
815 1375 874 1441 im·
921 1374 1033 1440 Filium
1058 1374 1158 1442 Patris
1180 1373 1303 1443 mundo
1338 1374 1509 1465 legendum

285 1489 404 1534 mensa.
428 1467 509 1532 Hinc
545 1465 670 1533 Gabriel
711 1467 742 1532 in
766 1464 875 1557 primis
922 1466 1102 1534 exhibuisti.
1392 1472 1395 1480 '

280 1562 396 1628 salutat
436 1559 619 1648 Virginem,
645 1559 763 1626 dicens:
794 1566 871 1642 Ave,
967 1561 1010 1628 Te
1034 1562 1146 1628 Deum.

280 1657 379 1742 gratia
393 1652 497 1743 piena,
510 1674 593 1742 quae
609 1673 644 1720 es
666 1653 869 1744 splendidum
1189 1695 1233 1706 -

276 1747 413 1815 coelum.
439 1752 505 1813 Are
529 1746 627 1835 gratia
655 1747 760 1838 piena,
786 1747 869 1814 mul·
1134 1746 1204 1813 DIE
1232 1748 1285 1814 tt.

278 1843 317 1908 tis
342 1838 680 1907 virtutibus'exornata
695 1832 800 1930 Virgo.
824 1845 867 1906 A·
931 1824 1160 1910 Exrnununrori.
1185 1841 1309 1908 Pnnrus
1332 1839 1432 1908 uu.
1455 1843 1490 1911 V.

276 1953 328 2028 ve,
352 1934 451 2024 gratia
475 1933 595 2020 plena,
620 1954 704 2022 quae
727 1955 762 2002 es
786 1935 869 2001 urna
1117 1934 1200 2025 dupi.
1225 1935 1300 2024 maj.

277 2032 375 2094 aurea
398 2026 563 2104 continens
589 2027 867 2095 mannauoeteste.
939 2049 1020 2096 amu.
1043 2039 1076 2097 ut
1100 2029 1136 2096 iu
1161 2029 1292 2118 append.
1317 2025 1486 2099 Breur'arr't'

278 2117 949 2209 mmmmm'
1315 2125 1391 2132 ”

757 2901 1022 3162 (ii
