3584 5034
753 642 890 710 resrr
912 642 1019 713 ruuu
1056 619 1061 629 '
1377 674 1381 682 ·
1456 648 1500 713 oe

323 754 356 833 e.
379 753 536 835 Quoniam
547 752 682 844 adjutor,
704 762 735 823 et
759 763 865 846 prote-
914 764 1143 823 numeraretur.
1168 754 1263 837 Quod
1287 772 1363 825 oum
1401 757 1503 849 impe-

279 858 350 919 ctor
372 848 475 917 lactus
499 868 534 917 es
558 848 642 915 mihi.
767 934 772 945 ⁸
912 850 1501 939 trasset,carnemquejejuniis,cilicio,

441 942 491 1009 Ari
510 939 700 1011 Benedictus.
912 942 997 1009 lerro
1021 961 1170 1011 coercere
1192 941 1332 1025 assidue,
1365 966 1403 1012 ao
1443 942 1502 1011 'do-

323 1032 448 1123 Autiplr.
473 1036 516 1101 Iux
533 1035 623 1102 terris
641 1036 728 1102 visus
750 1044 807 1115 est,
826 1042 863 1101 ut
910 1053 998 1103 mare
1040 1047 1233 1115 conaretur,
1266 1048 1301 1102 ut
1343 1035 1497 1105 humanas

275 1128 524 1217 essetexemplo:
540 1130 569 1194 in
593 1128 718 1195 coelum
742 1128 864 1197 levatus
911 1137 1017 1194 tamen
1041 1129 1214 1218 inanesque
1239 1128 1351 1196 laudet
1378 1132 1501 1211 vitaret,

275 1231 334 1303 est,
360 1231 396 1288 ut
418 1223 459 1286 sit
483 1222 665 1311 patrocinio.
913 1219 1056 1301 curabat,
1081 1233 1117 1288 ut
1133 1244 1170 1289 ea
1186 1243 1271 1311 quae
1285 1231 1392 1310 ageret
1408 1241 1502 1289 nemo

462 1316 500 1381 In
526 1316 555 1381 2,
588 1316 675 1403 Vesp.
911 1314 1006 1405 plane
1018 1317 1196 1381 mortalium
1214 1324 1368 1395 nosceret,
1381 1319 1503 1405 quippe

248 1408 251 1417 '
322 1405 699 1487 e.Contireb0rn0n1ini
724 1414 788 1473 tuo.
909 1429 993 1495 quae
1022 1419 1153 1497 cuperet
1191 1409 1246 1473 uni
1284 1428 1403 1499 sponso
1440 1426 1501 1475 suo

202 1523 207 1534 ·
285 1572 288 1587 ,
321 1502 353 1575 ri.
379 1500 686 1587 Quoniamadjutor·
706 1509 737 1567 et
758 1508 864 1591 prote·
911 1501 1035 1567 Christo
1059 1505 1135 1569 lesu
1160 1502 1300 1591 placere.
1339 1504 1502 1581 Quantum

275 1598 347 1663 otor
370 1592 472 1659 lactus
498 1602 546 1659 est
569 1592 655 1657 mihi.
911 1613 988 1660 vero
1013 1596 1043 1660 in
1074 1595 1157 1663 vitae
1198 1594 1369 1682 religiosae
1402 1593 1505 1685 perle-

456 1686 506 1753 Ait
545 1683 677 1776 Muqnif.
698 1732 713 1768 ,r
910 1677 1207 1776 ctioneproficeret
1228 1689 1278 1756 vel
1298 1686 1376 1754 illud
1394 1698 1504 1755 osten·

321 1776 445 1867 Actr'plr.
470 1779 528 1845 Hic
544 1788 592 1845 est
615 1778 747 1845 fratrum
778 1800 865 1847 ama·
911 1778 967 1855 dit,
991 1780 1080 1867 quod
1106 1802 1180 1847 cum
1197 1784 1228 1848 ei
1244 1782 1323 1850 laisa
1344 1779 1503 1871 quaedam

275 1883 335 1954 tor,
355 1882 387 1939 et
402 1872 511 1962 populi
527 1871 620 1937 lsrael
647 1870 696 1936 hic
712 1873 767 1962 qui
783 1872 864 1969 rnul-
911 1871 1043 1939 crimina
1066 1873 1280 1963 obijcerentur
1304 1875 1345 1941 ab
1373 1872 1500 1953 invidis,

275 1976 345 2061 tum
362 1975 431 2031 orat
448 1985 505 2053 pro
522 1965 652 2055 populo,
669 1966 871 2043 etuniversa,
910 1966 1117 2034 contumelias
1145 1988 1208 2034 non
1249 1987 1355 2059 aequo
1395 1966 1502 2034 solum
1621 2049 1625 2059 Ι

276 2068 388 2128 sancta
411 2059 548 2125 civitate.
919 2059 1024 2125 animo
1046 2059 1103 2127 sed
1128 2062 1219 2127 etiam
1244 2061 1336 2128 hilari
1370 2058 1503 2139 terebat,

334 2164 337 2171 '
492 2206 496 2215 .
559 2191 601 2203 -
916 2152 1005 2240 quod
1030 2154 1071 2217 ita
1094 2153 1153 2220 sibi
1182 2157 1281 2221 tutior
1319 2153 1359 2220 ab
1400 2154 1503 2219 inanis

511 2242 581 2309 DIE
607 2246 637 2311 3.
913 2244 1043 2333 gloriae,
1068 2266 1105 2312 ac
1130 2246 1248 2316 fallacis
1286 2268 1384 2315 aurae
1414 2248 1502 2337 peri·

344 2369 347 2375 2
374 2336 404 2403 S.
428 2336 547 2405 Orrvru
573 2336 661 2404 Vruc.
693 2337 778 2426 (lupi.
917 2338 998 2405 culis
1022 2338 1193 2407 videretur.

282 2430 374 2499 Ome.
397 2432 434 2499 de
461 2433 545 2502 Com.
577 2429 662 2519 Viro.
689 2442 789 2521 praet.
807 2450 865 2519 seq.
961 2433 993 2508 ti.
1021 2434 1153 2524 Propter
1169 2435 1351 2522 veritatem„

312 2562 337 2625 )
546 2523 656 2592 Oratio
823 2527 827 2535 '
1162 2528 1244 2594 Lect.
1269 2547 1298 2593 r.

281 2560 441 2685 ¹raesta
453 2638 649 2707 quaesumus
662 2616 871 2707 Omnipotens
920 2568 1042 2704 Quod
1067 2618 1093 2683 si
1118 2618 1334 2684 membrorum
1369 2635 1501 2684 suorum

279 2713 312 2776 ct
336 2702 511 2777 Misericors
536 2710 631 2788 Deris,
656 2712 768 2799 utqui
801 2710 869 2798 glo·
914 2708 1016 2797 legem
1040 2710 1147 2799 aliqua
1172 2712 1291 2778 ratione
1314 2708 1503 2797 mentislegi

166 2798 170 2808 '
280 2800 396 2868 riosiae
420 2802 553 2888 Virginis
578 2814 650 2869 tuae
673 2803 783 2870 Olivae
810 2825 866 2868 na·
914 2823 1092 2893 repugnare
1108 2805 1245 2879 sentiret,
1262 2804 1504 2871 coelestimsuis

281 2893 380 2960 talitia
419 2898 524 2961 votiva
563 2894 746 2973 recolimus,
801 2897 869 2984 ejus
919 2896 987 2983 ipsa
1012 2897 1158 2963 mamillis
1185 2897 1314 2965 aculeos
1345 2893 1503 2983 infigebat,

281 2988 516 3055 interventionis
539 2986 689 3075 suffragio
715 2998 786 3054 tuac
810 2988 867 3053 mi·
916 3008 975 3054 nec
989 3000 1224 3080 eosaotequam
1239 2992 1505 3078 sanieserumpe·

277 3083 445 3149 serationis
457 3079 610 3148 auxilium
622 3080 865 3149 sentiamus.Por
913 3091 970 3161 ret,
995 3082 1160 3163 avellebat,
1185 3093 1285 3175 atque
1309 3084 1351 3149 ita
1385 3101 1504 3171 corpus

279 3176 452 3243 Dominum
478 3184 537 3241 etc.
916 3176 1505 3265 suumcastigaudoinservitutemspi·
1545 3211 1549 3219 ·

402 3269 444 3335 IN
469 3270 493 3333 l.
525 3266 748 3335 NOCTURNO
915 3272 996 3335 ritus
1011 3270 1183 3359 redigebat.
1198 3272 1300 3349 Quam
1315 3288 1394 3335 vero
1410 3268 1505 3335 vicis-

286 3398 288 3405 *
330 3364 429 3432 xLect.
457 3364 493 3431 de
521 3361 640 3450 Scrt'pt.
664 3384 802 3429 occurerr.
921 3362 979 3428 sim
993 3360 1444 3449 OlivaaChristodiligeretur,
1460 3358 1505 3427 ob

395 3457 438 3523 IN
463 3456 504 3521 ll.
532 3455 754 3523 NOCTUllNO
919 3455 1024 3534 animi,
1064 3459 1272 3547 corporisque
1310 3454 1503 3545 pudicitiam,

526 3549 608 3618 Lect.
622 3568 660 3616 tv.
918 3556 1121 3639 caeterasque
1145 3551 1286 3629 virtutes,
1325 3547 1416 3615 lacile
1453 3546 1504 3613 vel

282 3592 404 3706 oliva
418 3642 512 3729 Virgo
529 3642 645 3709 nobilis
662 3662 787 3731 genere,
809 3638 866 3709 sed
913 3662 954 3707 ex
982 3640 1030 3708 his
1048 3644 1172 3732 'paucis
1209 3642 1400 3729 intelligetur
1440 3658 1505 3705 non

281 3735 410 3825 optimis
434 3734 587 3815 moribus,
627 3746 660 3801 et
699 3734 870 3824 pudicitiae
919 3734 1065 3803 obscuris
1090 3737 1120 3802 in
1156 3759 1226 3805 eam
1255 3735 1371 3801 amoris
1410 3754 1506 3819 argu-

279 3822 377 3894 laude
423 3826 566 3907 nobilior,
609 3826 722 3893 Christi
764 3848 871 3895 amore
919 3831 1042 3913 mentis.
1068 3831 1147 3897 Cum
1163 3826 1335 3917 aliquande
1351 3823 1392 3891 ab
1408 3846 1506 3913 opere
1582 3828 1588 3843 “

278 3920 426 4009 llagraus,
451 3922 566 4010 nuptiis
594 3919 733 3985 mortalis
759 3922 867 4011 sponsi
917 3925 1069 3989 manuum
1110 3923 1149 3989 ad
1179 3921 1330 4010 templum
1348 3918 1390 3985 de
1405 3938 1503 3997 more,
1579 3906 1585 3922 ⁸

281 4012 487 4103 contemptis,
529 4034 609 4103 quas
649 4014 679 4079 ei
730 4027 874 4103 parentes
923 4014 997 4081 dato
1033 4018 1134 4103 signo,
1172 4022 1325 4106 pergeret,
1363 4014 1396 4078 in
1436 4012 1505 4102 ipso

279 4129 396 4197 magno
421 4106 526 4173 studio
551 4103 714 4195 parabant,
729 4106 770 4172 ad
795 4129 867 4173 sarr-
916 4108 1022 4199 templi
1054 4110 1161 4175 limine
1191 4108 1360 4193 foeminam
1391 4128 1506 4195 quam·

279 4210 361 4268 ctam
386 4198 530 4287 confugit
553 4198 736 4281 Ecclesiam,
761 4212 796 4267 ut
821 4201 868 4267 irr-
915 4202 987 4269 dam
1013 4204 1186 4293 plorantem
1211 4197 1353 4279 offendit,
1383 4210 1415 4268 et
1444 4219 1504 4265 sua

279 4302 327 4362 ter
350 4314 457 4365 sacras
481 4294 556 4362 lesu
592 4290 705 4361 Christi
736 4314 869 4387 sponsas
918 4287 1050 4363 crimina
1073 4292 1288 4374 confitentem,
1311 4291 1503 4383 quemdum
