3584 5034
464 733 759 910 lllllllll
829 735 1271 914 SlNlllllllllll

713 987 1033 1046 ψ-

584 1067 804 1250 ausm
845 1094 1163 1251 turcinu

468 1465 541 1534 llll}
580 1469 633 1536 ll.
1006 1472 1104 1548 ΙΝῙ.
1129 1474 1383 1547 NOCYURNO.

365 1559 399 1628 S.
426 1559 553 1628 llnanu
576 1561 612 1627 E.
637 1559 671 1629 C.
695 1561 733 1628 D.
982 1563 1065 1634 tect.
1089 1567 1137 1635 Dc
1163 1567 1284 1656 Script.
1306 1589 1407 1636 occur.

299 1653 426 1745 nuptm
445 1652 607 1722 Omm'aut
622 1651 848 1737 inBrooiorio,
998 1657 1054 1728 IN
1070 1657 1112 1725 Il.
1137 1659 1393 1732 NOOTURNO.

255 1744 311 1815 ted
333 1745 461 1817 lectioni
489 1747 539 1818 VI.
562 1745 706 1816 rtdmr.
1116 1751 1199 1819 Loct.
1233 1771 1276 1820 tv.

895 1791 1066 1907 Maurus
1090 1840 1207 1910 nobilis
1221 1843 1394 1925 Romanus,
1409 1864 1493 1935 puer

255 1883 366 1998 Eum
383 1929 693 2012 annueremus,
714 1941 747 2000 n
765 1931 849 2001 con-
894 1951 915 2000 a
939 1931 1032 1998 ram
1054 1931 1212 2024 nutycuo
1234 1935 1304 2002 neo
1326 1936 1390 2003 sue
1413 1937 1494 2003 san-

253 2021 334 2092 oiliis
357 2023 512 2111 insignem
541 2023 702 2092 Ecclesiae
729 2026 848 2092 Docto·
895 2024 948 2092 cti·
967 2020 1128 2092 Benedicti
1158 2023 1325 2115 disciplina
1355 2026 1493 2107 chiatus,
1638 2080 1643 2088 .

256 2135 325 2184 rem
348 2115 580 2204 nuncupatum,
604 2125 703 2206 atque
731 2118 777 2184 uti
800 2127 848 2184 ta-
894 2115 986 2184 brevi
1010 2124 1134 2183 tantum
1157 2117 1273 2184 Divina
1295 2117 1395 2206 gratia
1417 2136 1495 2208 pro-

254 2205 321 2284 lem
345 2206 378 2272 in
401 2205 524 2294 aliquot
547 2207 753 2276 Dioecssibus
776 2209 847 2277 cul·
894 2208 979 2289 lecit,
1003 2217 1041 2275 ut
1065 2207 1125 2298 ipsi
1142 2209 1291 2296 llagistro
1307 2208 1494 2277 admiratio·
1603 2263 1608 2272 .

255 2307 351 2379 tum,
391 2295 520 2364 tandem
566 2297 679 2367 istante
716 2300 848 2394 Synodo
895 2300 928 2368 ni
954 2300 1049 2380 e'sset,
1073 2302 1130 2390 qui
1154 2301 1245 2368 illum
1269 2323 1366 2392 saepe
1392 2302 1494 2371 veluti

255 2388 473 2478 Burdigaleasi
499 2389 575 2456 Pius
600 2391 711 2460 Nonus
741 2393 848 2460 Ponti·
896 2392 1051 2482 regularis
1075 2391 1307 2475 observantiae,
1335 2405 1367 2462 et
1393 2395 1496 2463 virtu·

257 2481 309 2550 lcx
332 2482 486 2548 Maximus
494 2503 535 2549 en
546 2503 712 2551 sacrorum
728 2486 850 2552 rituum
897 2494 967 2551 tum
998 2485 1143 2551 omnium
1176 2486 1338 2574 specimen
1361 2485 1495 2558 caeteris

175 2592 184 2608 ·
257 2572 676 2662 congregationismnsulto
689 2577 850 2646 Ecclesiae
897 2574 1062 2664 discipulis
1112 2573 1155 2643 ad
1196 2575 1384 2645 imitandum
1418 2595 1495 2666 pro·

258 2663 430 2733 Ductorem
461 2663 644 2750 declaravit,
674 2677 707 2736 et
730 2666 849 2736 conlir'·
894 2665 1045 2758 ponebat.

258 2757 365 2837 mavit,
391 2775 430 2822 ac
454 2755 555 2844 ipsius
586 2759 667 2826 lesto
698 2759 750 2827 die
773 2760 847 2825 llis-
944 2760 977 2837 d.
1000 2755 1178 2823 Honestum
1198 2765 1262 2826 etc·
1360 2841 1364 2848 Ι

258 2863 338 2928 sam,
355 2857 388 2916 et
411 2845 563 2912 Officium
587 2848 629 2914 de
658 2849 851 2917 [lectoribus
1124 2849 1208 2916 Lect.
1230 2866 1261 2915 r.

902 2890 1029 3027 Cujus
1051 2936 1159 3006 auum
1188 2938 1399 3011 ennecone
1414 2941 1496 3010 nrm

531 3071 577 3084 —
901 3029 1096 3099 admirabilis
1104 3029 1303 3100 obedientiae
1314 3035 1497 3127 exemplum

481 3126 551 3192 DIE
578 3123 630 3190 ld.
830 3205 833 3212 Ι
900 3123 1059 3190 aSancto
1099 3123 1253 3212 Gregorio
1292 3126 1379 3217 Papa
1408 3147 1498 3195 com-

369 3215 402 3284 S.
424 3217 532 3288 utimr
555 3221 612 3285 An.
636 3217 761 3308 duplex,
903 3209 1110 3296 memoratum
1134 3235 1209 3282 nam
1238 3235 1315 3284 cum
1349 3218 1499 3286 Placidus

308 3307 425 3378 Omnia
448 3312 486 3378 de
518 3311 651 3380 comm„
675 3313 761 3402 Gens.
792 3331 854 3377 non
901 3306 1077 3375 Monachus
1108 3307 1142 3372 in
1174 3306 1282 3376 lacum
1317 3310 1498 3401 prolapsus,

261 3398 349 3491 Perit.
368 3413 496 3492 praeter
521 3425 560 3471 ea
584 3424 661 3492 quae
676 3413 853 3492 sequuntur.
898 3419 1057 3488 aquarum
1081 3397 1200 3486 impetu
1225 3413 1401 3490 raperetur,
1419 3403 1499 3469 San·

497 3493 609 3562 Oratio
901 3493 943 3558 cti
970 3489 1070 3555 Patris
1089 3489 1185 3578 jussu
1207 3510 1380 3563 accurrens
1411 3496 1500 3561 llau-

262 3535 401 3668 Deus,
440 3587 496 3677 qui
537 3586 664 3654 beatum
703 3585 850 3653 llaurum
898 3603 966 3662 rus,
991 3591 1024 3648 et
1063 3603 1163 3672 super
1197 3604 1299 3672 aquas
1334 3579 1496 3661 incedens,

260 3672 418 3744 abbatem
464 3677 507 3744 ad
554 3677 742 3747 imitandum
775 3677 852 3745 obe·
900 3677 1026 3743 socium
1051 3673 1175 3764 capillis
1198 3677 1434 3765 apprehensum
1457 3674 1500 3742 ad

260 3763 397 3834 dientiae
431 3770 613 3861 exemplum
647 3771 734 3838 sicco
774 3769 856 3859 pede
905 3778 1020 3833 terram
1044 3768 1179 3833 attraxit.
1202 3767 1500 3835 Continentiactan-

261 3875 360 3948 super
399 3880 501 3949 aquas
540 3861 708 3928 ambulare
746 3861 856 3928 fecisti:
904 3868 955 3931 tae
979 3857 1109 3937 luit,ut
1174 3879 1190 3924 r
1217 3858 1498 3947 Quadragesimam

261 3947 477 4031 concedent
506 3961 538 4021 et
567 3952 720 4021 virtutum
760 3952 857 4042 ipsius
905 3947 954 4016 bis
979 3958 1101 4014 tantum
1178 3947 1348 4030 bdomada,
1371 3960 1404 4020 et
1426 3952 1500 4040 qui·

261 4040 395 4129 implere
418 4041 620 4127 documenta,
645 4055 677 4113 et
699 4043 857 4140 praemio·
903 4040 978 4108 dem
1002 4039 1188 4129 parcissime
1210 4038 1319 4128 cibum
1348 4054 1498 4112 sumeret:

257 4140 335 4200 'rum
360 4131 506 4203 obtinere
536 4137 696 4208 consonis
734 4155 858 4206 merea·
904 4152 1054 4201 somnum
1078 4129 1204 4211 stando,
1228 4129 1279 4199 vel
1303 4151 1379 4219 eum
1403 4134 1500 4203 nimia

263 4246 344 4294 mur.
369 4225 430 4298 Per
455 4227 635 4299 Dominum.
904 4246 993 4303 eum,
1009 4221 1162 4294 lassitudo
1196 4226 1414 4317 compulisset,
1449 4244 1499 4290 se·

260 2937 303 3006 ab
328 2936 478 3005 omnibus
501 2937 625 3004 recitari
644 2939 749 3028 jussit.
