3584 5034
675 637 802 709 rosto
821 635 1073 708 ‘scordotim
1426 635 1495 714 tlt

258 747 390 842 scipulis
411 749 488 819 suis:
513 747 696 830 omulscui
711 750 849 816 multum
1102 751 1197 830 Lech
1210 761 1299 824 trin·

258 843 369 912 datum
392 842 600 922 est,multum
618 852 793 932 quaeretur
807 840 849 909 ab
900 793 1002 911 Hoc
1026 842 1124 912 modo
1148 855 1182 913 et
1206 843 1413 934 igniszignem
1437 866 1499 918 ree.

258 959 310 1018 eo,
334 947 366 1006 et
377 939 432 1004 cui
442 935 747 1004 commendaverunt
763 936 846 1004 mul·
894 935 926 1002 ni
952 937 1077 1006 mitterd
1100 939 1129 1004 in
1147 948 1273 1006 terram.
1298 936 1496 1013 merserunt,

191 1103 199 1110 ,
260 1042 338 1111 tum,
363 1030 438 1122 plus
462 1039 569 1121 petent
602 1030 717 1098 abeo.
743 1031 850 1119 iguem
898 1027 1043 1099 homines
1067 1030 1232 1100 credentes
1257 1032 1288 1098 iu
1312 1053 1413 1112 eum,
1436 1053 1499 1100 ac*

257 1125 331 1192 veni
354 1125 477 1192 mittere
500 1123 533 1190 in
557 1135 683 1192 terram.
707 1124 746 1190 Et
777 1123 850 1191 reli·
897 1123 1492 1215 ceperuntllammamcharitatispro-

156 1305 161 1311 ³
259 1238 335 1309 qua.
898 1226 1016 1306 pterea,
1041 1229 1073 1286 et
1097 1219 1164 1308 ipse
1188 1217 1323 1310 Spiritus
1353 1218 1490 1288 Sanetus

306 1309 442 1378 Homilia
458 1309 492 1378 S.
508 1310 676 1398 Augustini
692 1309 854 1401 Episcopi.
900 1329 974 1377 cum
1001 1311 1116 1381 missus
1140 1323 1223 1380 esset
1253 1311 1420 1403 ¹ilpostclis
1444 1310 1502 1383 sio!

350 1405 466 1470 Euam.
493 1403 528 1470 r'n
554 1405 671 1471 Psultn.
705 1405 759 1469 96.
901 1407 1056 1493 apparuit:
1071 1406 1166 1476 ¹visae
1191 1416 1266 1473 sunt
1290 1405 1360 1485 illis,
1374 1405 1489 1495 inquit,¹

257 1448 444 1564 Dominus
466 1497 520 1582 ait:
543 1499 649 1584 ignem
674 1499 752 1563 veni.
776 1492 858 1563 'mitae
896 1495 1023 1584 linguae
1048 1497 1179 1580 divisae,
1204 1499 1290 1568 velot
1315 1499 1405 1588 ignis,
1422 1499 1500 1587 quis

255 1598 322 1658 tere
345 1592 378 1656 iu
402 1601 537 1669 terram,
562 1590 596 1656 Si
621 1591 747 1677 ignem,
781 1608 847 1679 quo
895 1599 927 1657 et
950 1590 1072 1658 insedit
1089 1614 1187 1684 super
1224 1613 1490 1682 unumquemque

257 1681 354 1750 modo
370 1681 539 1773 gladium?
566 1705 639 1749 nam
657 1693 689 1750 et
703 1681 844 1772 quodam
894 1681 1030 1762 illorum,
1048 1686 1113 1752 Isto
1130 1685 1202 1776 igne
1215 1685 1403 1757 inflammari
1415 1706 1493 1752 coe·

255 1775 328 1844 loco
352 1776 394 1843 ait
430 1797 493 1842 non
517 1798 553 1844 se
587 1777 711 1844 venisse
735 1795 846 1867 pacem
894 1788 1012 1866 perunt
1035 1799 1086 1845 me
1110 1801 1166 1870 por
1190 1779 1359 1860 mundum,
1385 1788 1417 1848 et
1444 1779 1516 1876 ina¹

255 1873 381 1938 mittere
405 1871 438 1934 in
462 1878 588 1948 terram,
613 1869 669 1953 sed
694 1868 845 1958 gladium.
894 1867 1069 1949 flammare,
1083 1881 1116 1939 et
1131 1872 1301 1940 incendere
1317 1872 1347 1937 in
1374 1866 1495 1945 circui&

256 1962 406 2031 Gladium
419 1961 459 2028 ad
471 1963 712 2052 separationem,
741 1964 846 2050 ignem
895 1974 930 2029 to
957 1964 1204 2053 inimicosejus.
1230 1965 1320 2045 Quos
1344 1957 1521 2044 inimicos!

140 2078 142 2087 ’
254 2055 296 2122 ad
313 2057 481 2122 ustionem:
498 2055 553 2122 sed
572 2067 747 2146 utromque
762 2055 849 2122 salo·
894 2054 952 2124 h'os
967 2069 991 2147 ς,
1003 2060 1084 2147 qui,
1111 2056 1237 2126 deserto
1262 2059 1350 2139 Deo,
1378 2079 1397 2124 a
1422 2077 1495 2146 quow

257 2148 357 2216 brem:
382 2150 458 2238 quia
473 2158 504 2214 et
522 2148 646 2234 gladius
669 2149 777 2216 verbis
793 2150 843 2238 ip·
892 2149 965 2218 lecti
991 2161 1090 2229 erant,
1103 2150 1281 2228 adorabant
1297 2150 1488 2233 simulacra,
1610 2227 1613 2232 ,

257 2245 326 2309 sius
366 2241 535 2308 salubriter
559 2262 617 2309 nos
641 2244 800 2331 separavit
824 2265 843 2309 a
894 2265 978 2332 quae
1003 2244 1149 2312 fecerant.
1177 2245 1243 2335 lpsi
1275 2242 1492 2312 incendeban«

258 2334 492 2404 consuetudine
534 2334 624 2401 mala.
648 2335 801 2402 Gladium·
813 2358 848 2403 e·
896 2347 958 2417 tur,
973 2337 999 2408 si
1016 2338 1088 2404 mali
1108 2350 1197 2406 eraut
1213 2337 1254 2424 ad
1272 2336 1493 2428 consumptio·

258 2429 322 2496 nim
347 2429 469 2505 attulit,
494 2438 526 2494 et
553 2429 710 2518 separavit
736 2451 851 2495 unum·
899 2452 981 2512 nem;
1006 2433 1042 2506 si
1057 2431 1131 2498 boni
1157 2443 1274 2512 erant,
1298 2431 1338 2498 ad
1363 2453 1491 2522 repara-

259 2521 854 2612 quemquelidelium,autaputresco,
903 2522 1041 2604 tionem,
1076 2534 1133 2591 aut
1157 2525 1224 2614 ipse
1261 2523 1494 2592 incendebatur

258 2614 855 2705 quiinChristumnonorediderat,aut
902 2615 957 2708 qui
984 2616 1111 2684 nolebat
1151 2616 1303 2697 credere,
1328 2617 1382 2686 illo
1405 2619 1490 2705 igno.-

258 2720 384 2775 amatre
396 2707 674 2775 similiterinstdeli:
686 2718 848 2792 acteone,
899 2710 1009 2777 audito
1033 2709 1132 2780 verbo
1156 2711 1239 2791 Dei,
1264 2711 1367 2778 factos
1400 2710 1486 2800 pejor

257 2803 284 2870 si
302 2800 542 2892 disparentibus
567 2801 744 2868 christianis
756 2812 848 2870 uatus
897 2803 1014 2870 invidia
1037 2825 1096 2870 sua
1113 2803 1263 2884 'exustus
1288 2815 1386 2893 atque
1411 2821 1491 2876 con-¹

257 2905 317 2976 est,
341 2895 454 2962 saltem
471 2916 489 2960 a
506 2897 657 2985 progenie
681 2916 740 2960 sua
764 2896 849 2985 prio·
896 2909 1055 2988 sumptus,
1072 2909 1127 2966 aut
1145 2901 1173 2966 si
1190 2907 1442 2975 converteretur,
1458 2908 1490 2964 et

258 3011 303 3057 re.
330 2989 431 3056 Nemo
454 2990 537 3055 euim
558 3000 700 3055 nostrum
718 3001 855 3058 nonant
901 2991 1067 3075 crederet,
1104 3013 1163 3060 nec
1187 2995 1235 3061 sic
1259 2994 1291 3058 in
1326 2992 1383 3060 illo
1409 2988 1488 3058 nihil

258 3105 383 3164 avum,
409 3093 466 3149 aut
501 3103 682 3174 proavum,
715 3093 772 3149 aut
795 3082 871 3149 ah·-
900 3091 1037 3152 arsisset.
1114 3129 1116 3135 ,
1460 3155 1462 3159 ,

259 3199 357 3267 quam
373 3175 536 3266 antiquam
554 3177 707 3269 originem
724 3179 758 3243 io
774 3198 851 3265 geo·
944 3183 975 3258 d.
1000 3179 1183 3247 Gloriamur
1206 3183 1239 3246 in
1276 3174 1489 3244 tribulationi-

257 3268 342 3338 tibus
366 3269 486 3349 habuit,
509 3280 542 3336 et
564 3273 599 3334 in
609 3270 662 3337 illa
687 3272 849 3339 execrabi-
897 3269 960 3338 bus
982 3274 1128 3354 scientae,
1148 3266 1236 3362 quod
1256 3269 1416 3340 tribulatio
1430 3291 1492 3360 pa-

256 3363 282 3431 li
305 3365 372 3451 Deo
398 3362 600 3433 infidelitate:
624 3366 762 3455 separati
792 3386 847 3435 su·
896 3365 1035 3432 tientiam
1062 3377 1232 3456 operatur,
1257 3364 1408 3455 patientia
1431 3385 1490 3430 au·

140 3526 141 3535 ,
258 3479 331 3524 mus
359 3456 400 3525 ab
435 3457 587 3548 eoquod
628 3479 766 3539 eramus,
790 3456 847 3525 sed
896 3467 961 3525 tem
985 3457 1215 3549 probationem,
1240 3458 1387 3550 probatio
1412 3477 1489 3526 vero

140 3578 141 3633 p
257 3549 384 3638 gladius
400 3553 573 3620 intercessit
587 3572 767 3633 secernens,
784 3571 849 3619 oon
896 3573 996 3640 spem,
1021 3573 1095 3640 spes
1119 3561 1224 3618 autem
1251 3575 1313 3620 non
1354 3550 1489 3617 conlun-

257 3641 459 3712 interficiens.
901 3643 955 3710 dit:
980 3643 1000 3685 *
1026 3646 1108 3725 Quia
1132 3645 1267 3713 charitas
1298 3645 1350 3712 Dei
1375 3641 1490 3710 diffusa

140 3796 141 3805 ,
305 3739 337 3811 d.
359 3737 397 3803 ln
433 3735 657 3808 defensionem,
686 3736 849 3826 Evangelii
897 3738 999 3804 estin
1024 3737 1179 3807 cordibus
1205 3739 1321 3807 nostris
1336 3756 1393 3826 per
1417 3734 1489 3825 Spi-

140 3874 141 3919 3
256 3829 381 3923 positus
405 3852 488 3910 sum,
512 3830 660 3899 hocmibi
683 3833 850 3918 proveniet
897 3833 993 3897 ritum
1030 3832 1204 3913 Sanctum,
1240 3833 1299 3922 qui
1324 3830 1418 3896 datus
1441 3836 1490 3896 est

246 3923 298 3993 ad
323 3925 457 3991 salutem
493 3945 550 4014 per
581 3923 846 3990 subministratio·
892 3923 996 3992 nobis.

256 4039 332 4087 nem
355 4017 486 4110 spiritus
509 4021 586 4084 lesu
610 4015 732 4083 Christi:
764 4016 785 4058 *
813 4018 850 4085 Et
943 4025 971 4085 ἰ.
997 4018 1113 4084 Omnia
1136 4037 1267 4108 possum
1294 4016 1324 4081 in
1349 4034 1400 4096 eo,
1430 4015 1492 4104 qui

140 4178 141 4181 ,
255 4133 343 4180 nunc
368 4109 622 4200 magnificabitur
646 4108 789 4180 Christos
818 4111 849 4176 in
896 4133 948 4180 me
971 4111 1136 4180 confortat.
1152 4112 1234 4191 Quia
1250 4107 1395 4178 charitas.
1412 4107 1488 4176 Glo-

140 4210 141 4233 ¹
256 4223 392 4298 corpore
416 4225 497 4272 meo.
893 4207 940 4272 ria
965 4206 1058 4274 Patri.
1073 4205 1157 4288 Quia
1181 4203 1326 4272 charitas.

302 4299 539 4368 noluerim
565 4298 675 4366 virere
704 4292 848 4366 Christus
914 4315 916 4320 ·
1047 4359 1068 4364 ..
1120 4300 1271 4368 beot-11.
1356 4361 1361 4367 .
1408 4353 1416 4369 .
1477 4333 1483 4361 s

140 4386 141 4391 ’
253 4398 313 4502 gott
337 4402 370 4462 et
391 4393 472 4463 mori
497 4393 639 4462 lucrum,
658 4391 698 4461 lit
721 4398 818 4460 nune.-
899 4341 1068 4462 Arssrat'
1082 4393 1166 4462 onim
1191 4385 1334 4472 foenum,
1358 4398 1395 4456 ut
1409 4359 1485 4482 pur-
