3584 5034
312 642 352 706 lo
624 709 627 712 ,
748 631 875 707 ousta
906 636 1096 712 landatur
1130 651 1134 654 ’

328 753 499 838 Arreptum
511 748 680 816 Dominum
690 746 825 817 fustibus
837 751 895 816 im·
943 749 1046 817 Ovos
1063 769 1201 830 omnes,
1232 750 1289 840 qui
1309 750 1453 819 transitis
1479 743 1548 843 por'

376 841 463 932 petit,
651 885 655 892 -
943 841 1037 921 viam,
1062 840 1222 922 attendite,
1245 851 1276 910 et
1300 841 1419 925 videte
1442 845 1470 910 si
1489 856 1540 913 est

249 990 268 1013 „
329 932 422 999 Nune
436 930 538 1002 caedit
554 931 705 1024 colaphis,
723 951 897 1024 nnuoqua·
944 931 1047 1014 dolor,
1071 933 1154 1000 siout
1177 934 1279 1000 dolor·
1293 956 1394 1003 meus.
1414 956 1419 963 ’

376 1023 568 1092 lit⁴h0rridis
714 1072 717 1076 -
758 1098 760 1102 ,
1191 1026 1301 1094 Oratio
1436 1079 1439 1083 >

466 1117 613 1184 Divinum
645 1128 742 1208 caput
769 1115 893 1184 ictibus.
945 1072 1546 1210 OmnipotenssempiterneDeusqui
1645 1105 1673 1154 '³

303 1207 397 1276 Haud
422 1207 506 1276 linis
523 1211 644 1279 sceleri:
675 1209 808 1276 traditur
838 1210 896 1276 im·
944 1211 1085 1278 humano
1116 1212 1240 1299 generi,
1271 1211 1314 1278 ad
1349 1210 1537 1280 imitandum

372 1300 482 1390 probo
669 1321 672 1332 ⁴
941 1300 1124 1371 humilitatis
1135 1304 1327 1394 exemplum,
1338 1305 1535 1374 Salvatorern

324 1391 468 1460 Christus
513 1393 676 1486 earnifici;
701 1413 761 1461 neo
794 1414 893 1476 mora,
941 1406 1087 1463 nostrum
1111 1415 1238 1462 carnem
1254 1418 1393 1477 sumere,
1410 1405 1442 1463 et
1459 1393 1535 1464 oru-

367 1484 531 1554 'barbarus
888 1511 897 1532 ·
941 1483 1011 1556 cem
1034 1485 1143 1554 subire
1167 1488 1276 1554 fecisti:
1292 1487 1435 1556 conceda
1452 1509 1535 1578 -pro-

325 1576 361 1642 ln
397 1595 503 1664 regem
538 1593 692 1669 superum
716 1598 778 1644 non
804 1580 892 1648 timot
937 1581 1044 1670 pitius3
1068 1588 1114 1655 ut,
1138 1579 1223 1644 sicut
1246 1579 1422 1645 solemnem
1445 1600 1534 1648 com-

349 1671 466 1760 ·impio
803 1691 804 1696 ¹
875 1695 878 1704 ·
938 1671 1197 1738 memorationem
1213 1669 1371 1736 Passionis
1386 1670 1457 1756 ejus
1477 1691 1533 1740 oo-

380 1783 383 1786 ·
465 1765 555 1828 Ausa
575 1770 699 1831 vertere
721 1760 892 1833 dexteram.
938 1763 1110 1839 leb'ramus,
1129 1761 1181 1840 ita,
1197 1772 1229 1828 et
1243 1761 1413 1850 patientiae
1430 1762 1530 1850 ipsius

300 1851 447 1928 Auditeo
463 1855 584 1946 populi,
601 1855 726 1922 Numen
744 1853 889 1937 amabile,
943 1854 1060 1921 habere
1089 1851 1302 1931 documenta,
1326 1862 1359 1920 et
1388 1873 1532 1921 resumo-

324 1946 469 2016 Manante
508 1969 548 2015 ex
585 1947 725 2014 humeris
749 1946 893 2037 undique
940 1946 1053 2013 otionis
1076 1946 1236 2012 consortia
1260 1965 1448 2012 mereamur.
1469 1947 1531 2014 Per

368 2043 532 2126 sanguine,
941 2036 1100 2106 eumdem.

323 2127 562 2198 Lictorisrabidi
578 2129 711 2196 sustinet
728 2133 890 2219 impetum.
985 2133 1036 2198 Ad
1061 2129 1304 2219 Cornpletorium
1326 2141 1356 2199 et
1381 2152 1443 2219 per
1467 2131 1532 2198 Ho-

414 2223 453 2288 Et
469 2241 580 2289 vocem
599 2220 713 2311 premit
728 2224 889 2290 innocens.
936 2245 992 2291 rus
1006 2221 1073 2290 diei
1085 2222 1119 2289 iu
1130 2223 1190 2310 fine
1213 2225 1419 2311 Halanorum,
1440 2221 1528 2292 dicit.

298 2313 377 2394 Quis
401 2335 465 2380 non
483 2313 681 2405 illacrymet!
703 2316 773 2382 lam
806 2334 890 2381 nova
937 2316 984 2384 Sit
1007 2315 1076 2381 laus
1101 2317 1193 2395 Patri,
1218 2335 1256 2381 ao
1282 2315 1446 2394 Paraolito,

370 2404 512 2473 condidit
861 2412 866 2422 '
938 2398 1087 2496 Natoque
1111 2407 1211 2474 Patris
1235 2406 1342 2485 unico,

321 2498 489 2567 Tormenta
504 2496 675 2567 indomitae
696 2499 797 2588 gentis
830 2498 888 2565 ini·
937 2501 1071 2566 Nostrae
1095 2497 1191 2577 dedit,
1216 2497 1272 2588 qui
1309 2495 1463 2586 prodigus

257 2625 259 2632 ¹
333 2592 483 2682 onitas,
651 2607 653 2612 ’
713 2637 715 2642 ,
937 2591 1076 2658 Pretium
1099 2592 1210 2657 salutis
1239 2589 1437 2678 sanguinem.
1527 2597 1530 2604 '

322 2682 889 2774 lnfigitcarebrmprondolorteffaris
986 2688 1097 2750 Amen.
1218 2736 1221 2742 .

412 2777 537 2843 Sertum
562 2775 714 2864 vepribus
729 2797 889 2865 asperum.
1023 2777 1075 2843 Ad
1097 2773 1297 2856 Metellarum,
1324 2771 1448 2842 Invitat.

275 2865 365 2934 ‘llou
406 2868 551 2934 orimenl
593 2866 726 2935 trahitur
757 2865 887 2935 turribus
938 2868 1099 2937 Christum
1140 2868 1255 2955 Regem
1287 2865 1479 2936 crucifixum
1510 2864 1531 2909 '¹‘

366 2958 518 3048 improbis
983 2961 1094 3029 Venite
1119 2958 1301 3026 adoremus.
1404 3007 1407 3012 -

321 3051 453 3118 Funesli
493 3047 648 3118 Dominus
672 3048 818 3140 supplbii
848 3048 891 3117 ad
1162 3051 1307 3137 Hymnus

366 3144 486 3223 locurn,
938 3089 1098 3232 Aspice,
1122 3139 1230 3205 infami
1248 3141 1335 3207 Deus
1350 3140 1418 3229 ipse
1434 3139 1520 3229 ligno

318 3233 387 3301 illio
411 3234 542 3326 oppetiit
563 3234 676 3303 funere
707 3233 852 3324 spiritum
961 3217 1091 3313 Pendet,
1102 3232 1204 3300 effuso
1219 3231 1368 3298 madidus
1380 3251 1507 3313 cruore,

459 3329 539 3394 Patri
564 3329 731 3395 restituens
747 3345 816 3393 suo.
958 3327 1088 3416 Aspice·
1098 3326 1207 3391 immiti
1216 3345 1330 3390 manus
1348 3322 1433 3390 alma
1440 3325 1534 3393 olavo

294 3420 393 3487 Passo
409 3440 469 3510 pro
492 3419 614 3486 miseris
639 3430 702 3488 tarn
726 3418 793 3486 tera
816 3417 888 3487 vul·
1099 3416 1243 3483 Finditur
1265 3416 1339 3483 alte.

366 3533 442 3580 nera
869 3555 872 3564 ·
935 3511 1047 3589 Hono,
1071 3509 1160 3576 velut
1193 3509 1284 3599 pravi
1314 3506 1443 3576 sceleris
1472 3510 1530 3577 mi·

316 3604 356 3670 ln
379 3605 469 3673 terris
487 3609 613 3671 resonet
627 3600 734 3670 debita
750 3601 860 3690 gloria;
1003 3603 1149 3681 nistrnrn,
1505 3683 1510 3690 ⁸

223 3709 229 3720 ·
317 3699 518 3786 Saorumqua
545 3695 673 3763 assidue
698 3715 814 3762 nornen
854 3695 886 3761 in
958 3692 1506 3782 luterindignosmedinnlatrones

364 3789 492 3857 aethera
958 3787 1069 3855 Cerne:
1092 3784 1232 3854 erudelis
1256 3783 1316 3853 tuit
1331 3785 1390 3853 ista
1405 3789 1506 3876 gentis

411 3884 595 3950 Humanum
632 3900 734 3968 genus
769 3877 886 3947 efferat.
1099 3879 1174 3945 Dira
1198 3876 1355 3946 voluntas.

435 3981 547 4042 Amen.
934 3968 1035 4039 Pallet
1056 3969 1137 4039 hen!
1162 3970 1294 4052 vultus;
1318 3979 1417 4062 eaput
1451 3986 1527 4037 ecce

294 4083 325 4150 a.
350 4062 485 4133 Oblalus
509 4075 567 4146 est,
584 4064 660 4154 quia
677 4063 745 4149 ipse
760 4062 861 4131 voluit
1001 4063 1125 4131 lassum

294 4167 327 4244 a.
352 4157 390 4226 Et
407 4158 506 4226 livore
521 4160 591 4246 ejus
603 4155 702 4226 sanati
717 4176 841 4223 sumus.
956 4155 1115 4224 Flectitur:
1156 4156 1277 4235 clausis,
1298 4153 1420 4235 oeulis,
1467 4153 1538 4221 tle·'

380 4251 431 4320 Ad
454 4249 647 4339 Moynifioat
676 4247 800 4338 Antiplt.
1005 4247 1152 4340 demptos
