<?xml version="1.0" encoding="UTF-8"?>
<!DOCTYPE html PUBLIC "-//W3C//DTD XHTML 1.0 Transitional//EN"
    "http://www.w3.org/TR/xhtml1/DTD/xhtml1-transitional.dtd">
<html xmlns="http://www.w3.org/1999/xhtml" xml:lang="en" lang="en">
 <head>
  <title>
</title>
<meta http-equiv="Content-Type" content="text/html;charset=utf-8" />
  <meta name='ocr-system' content='tesseract 3.04.00' />
  <meta name='ocr-capabilities' content='ocr_page ocr_carea ocr_par ocr_line ocrx_word'/>
</head>
<body>
  <div class='ocr_page' id='page_1' title='image "./officiasanctoru00churgoog/officiasanctoru00churgoog_0142.png"; bbox 0 0 3584 5034; ppageno 0'>
   <div class='ocr_carea' id='block_1_1' title="bbox 260 572 1119 717">
    <p class='ocr_par' dir='ltr' id='par_1_1' title="bbox 260 572 1119 717">
     <span class='ocr_line' id='line_1_1' title="bbox 260 572 1119 717; baseline 0.002 -32"><span class='ocrx_word' id='word_1_1' title='bbox 260 572 393 717; x_wconf 55' lang='lat' dir='ltr'><strong>&#39;raa</strong></span> <span class='ocrx_word' id='word_1_2' title='bbox 542 630 544 635; x_wconf 95' lang='lat'>·</span> <span class='ocrx_word' id='word_1_3' title='bbox 751 615 925 687; x_wconf 72' lang='lat' dir='ltr'><strong>unsri</strong></span> <span class='ocrx_word' id='word_1_4' title='bbox 949 616 1053 691; x_wconf 78' lang='lat' dir='ltr'><strong>suun</strong></span> <span class='ocrx_word' id='word_1_5' title='bbox 1116 630 1119 633; x_wconf 42' lang='lat'><strong>⁴</strong></span> 
     </span>
    </p>
   </div>
   <div class='ocr_carea' id='block_1_2' title="bbox 138 729 1668 4366">
    <p class='ocr_par' dir='ltr' id='par_1_2' title="bbox 138 729 1668 4366">
     <span class='ocr_line' id='line_1_2' title="bbox 234 729 1539 827; baseline 0.005 -28"><span class='ocrx_word' id='word_1_6' title='bbox 234 780 239 789; x_wconf 85' lang='lat'>-</span> <span class='ocrx_word' id='word_1_7' title='bbox 309 731 377 799; x_wconf 87' lang='lat' dir='ltr'><strong>sive</strong></span> <span class='ocrx_word' id='word_1_8' title='bbox 404 740 584 823; x_wconf 74' lang='lat' dir='ltr'><strong>responsor:</strong></span> <span class='ocrx_word' id='word_1_9' title='bbox 598 750 677 800; x_wconf 87' lang='lat' dir='ltr'><strong>cave</strong></span> <span class='ocrx_word' id='word_1_10' title='bbox 693 730 895 811; x_wconf 81' lang='lat' dir='ltr'><strong>manifestum</strong></span> <span class='ocrx_word' id='word_1_11' title='bbox 944 733 1047 822; x_wconf 83' lang='lat' dir='ltr'><strong>Cujus</strong></span> <span class='ocrx_word' id='word_1_12' title='bbox 1068 731 1184 803; x_wconf 84' lang='lat' dir='ltr'><strong>virtute</strong></span> <span class='ocrx_word' id='word_1_13' title='bbox 1207 729 1323 827; x_wconf 77' lang='lat' dir='ltr'><strong>hydria</strong></span> <span class='ocrx_word' id='word_1_14' title='bbox 1337 732 1459 803; x_wconf 73' lang='lat' dir='ltr'><strong>tannae</strong></span> <span class='ocrx_word' id='word_1_15' title='bbox 1473 753 1539 805; x_wconf 79' lang='lat' dir='ltr'><strong>nan</strong></span> 
     </span>
     <span class='ocr_line' id='line_1_3' title="bbox 284 823 1537 918; baseline 0.007 -28"><span class='ocrx_word' id='word_1_16' title='bbox 284 823 417 891; x_wconf 77' lang='lat' dir='ltr'><strong>¹iacias:</strong></span> <span class='ocrx_word' id='word_1_17' title='bbox 437 824 504 907; x_wconf 37' lang='lat' dir='ltr'><strong>,erit</strong></span> <span class='ocrx_word' id='word_1_18' title='bbox 528 825 649 916; x_wconf 84' lang='lat' dir='ltr'>quippe</span> <span class='ocrx_word' id='word_1_19' title='bbox 689 824 796 891; x_wconf 88' lang='lat' dir='ltr'><strong>lumen</strong></span> <span class='ocrx_word' id='word_1_20' title='bbox 837 823 895 891; x_wconf 90' lang='lat' dir='ltr'><strong>filii</strong></span> <span class='ocrx_word' id='word_1_21' title='bbox 942 824 1078 907; x_wconf 81' lang='lat' dir='ltr'><strong>defecit,</strong></span> <span class='ocrx_word' id='word_1_22' title='bbox 1117 836 1149 893; x_wconf 87' lang='lat' dir='ltr'><strong>ct</strong></span> <span class='ocrx_word' id='word_1_23' title='bbox 1184 849 1242 895; x_wconf 89' lang='lat' dir='ltr'><strong>vas</strong></span> <span class='ocrx_word' id='word_1_24' title='bbox 1279 826 1340 895; x_wconf 89' lang='lat' dir='ltr'><strong>olei</strong></span> <span class='ocrx_word' id='word_1_25' title='bbox 1362 837 1537 918; x_wconf 88' lang='lat' dir='ltr'><strong>perpetuo</strong></span> 
     </span>
     <span class='ocr_line' id='line_1_4' title="bbox 138 914 1537 1009; baseline 0.004 -27"><span class='ocrx_word' id='word_1_26' title='bbox 138 916 140 922; x_wconf 80' lang='grc'>’</span> <span class='ocrx_word' id='word_1_27' title='bbox 213 980 214 983; x_wconf 74' lang='grc'>,</span> <span class='ocrx_word' id='word_1_28' title='bbox 310 914 406 1006; x_wconf 88' lang='lat' dir='ltr'><strong>hujus</strong></span> <span class='ocrx_word' id='word_1_29' title='bbox 417 915 622 1003; x_wconf 81' lang='lat' dir='ltr'><strong>domicilium,</strong></span> <span class='ocrx_word' id='word_1_30' title='bbox 641 938 811 1007; x_wconf 89' lang='lat' dir='ltr'><strong>sermoque</strong></span> <span class='ocrx_word' id='word_1_31' title='bbox 827 919 895 1008; x_wconf 86' lang='lat' dir='ltr'><strong>ejus</strong></span> <span class='ocrx_word' id='word_1_32' title='bbox 943 920 1029 987; x_wconf 90' lang='lat' dir='ltr'><strong>lonte</strong></span> <span class='ocrx_word' id='word_1_33' title='bbox 1053 919 1198 986; x_wconf 87' lang='lat' dir='ltr'><strong>manavit</strong></span> <span class='ocrx_word' id='word_1_34' title='bbox 1224 921 1323 1009; x_wconf 86' lang='lat' dir='ltr'><strong>Cujus</strong></span> <span class='ocrx_word' id='word_1_35' title='bbox 1347 919 1447 987; x_wconf 86' lang='lat' dir='ltr'><strong>verbo</strong></span> <span class='ocrx_word' id='word_1_36' title='bbox 1480 943 1537 988; x_wconf 93' lang='lat' dir='ltr'><strong>su·</strong></span> 
     </span>
     <span class='ocr_line' id='line_1_5' title="bbox 309 1008 1536 1104; baseline 0.003 -27"><span class='ocrx_word' id='word_1_37' title='bbox 309 1008 551 1092; x_wconf 74' lang='lat' dir='ltr'><strong>demenstratio&#39;</strong></span> <span class='ocrx_word' id='word_1_38' title='bbox 580 1032 618 1079; x_wconf 88' lang='lat' dir='ltr'><strong>ac</strong></span> <span class='ocrx_word' id='word_1_39' title='bbox 659 1012 822 1091; x_wconf 89' lang='lat' dir='ltr'><strong>sententia,</strong></span> <span class='ocrx_word' id='word_1_40' title='bbox 864 1022 896 1079; x_wconf 92' lang='lat' dir='ltr'><strong>et</strong></span> <span class='ocrx_word' id='word_1_41' title='bbox 944 1035 1002 1104; x_wconf 90' lang='lat' dir='ltr'><strong>per</strong></span> <span class='ocrx_word' id='word_1_42' title='bbox 1025 1010 1217 1098; x_wconf 86' lang='lat' dir='ltr'><strong>sacrificium</strong></span> <span class='ocrx_word' id='word_1_43' title='bbox 1256 1014 1347 1101; x_wconf 84' lang='lat' dir='ltr'><strong>ignis·</strong></span> <span class='ocrx_word' id='word_1_44' title='bbox 1373 1012 1414 1082; x_wconf 93' lang='lat' dir='ltr'><strong>de</strong></span> <span class='ocrx_word' id='word_1_45' title='bbox 1443 1014 1536 1081; x_wconf 90' lang='lat' dir='ltr'><strong>coelo</strong></span> 
     </span>
     <span class='ocr_line' id='line_1_6' title="bbox 302 1100 1538 1196; baseline 0.002 -26"><span class='ocrx_word' id='word_1_46' title='bbox 302 1100 465 1191; x_wconf 88' lang='lat' dir='ltr'><strong>judicabit</strong></span> <span class='ocrx_word' id='word_1_47' title='bbox 482 1103 579 1171; x_wconf 88' lang='lat' dir='ltr'><strong>lsrael</strong></span> <span class='ocrx_word' id='word_1_48' title='bbox 602 1125 675 1172; x_wconf 83' lang='lat' dir='ltr'><strong>curn</strong></span> <span class='ocrx_word' id='word_1_49' title='bbox 707 1106 788 1193; x_wconf 86' lang='lat' dir='ltr'><strong>igne,</strong></span> <span class='ocrx_word' id='word_1_50' title='bbox 819 1114 897 1171; x_wconf 89' lang='lat' dir='ltr'><strong>tum</strong></span> <span class='ocrx_word' id='word_1_51' title='bbox 945 1108 1141 1175; x_wconf 83' lang='lat' dir='ltr'><strong>venit.·Duos</strong></span> <span class='ocrx_word' id='word_1_52' title='bbox 1153 1107 1446 1196; x_wconf 88' lang='lat' dir='ltr'><strong>quinquagenarios</strong></span> <span class='ocrx_word' id='word_1_53' title='bbox 1460 1126 1538 1183; x_wconf 56' lang='lat' dir='ltr'><strong>oum⁴</strong></span> 
     </span>
     <span class='ocr_line' id='line_1_7' title="bbox 309 1196 1537 1287; baseline 0.002 -24"><span class='ocrx_word' id='word_1_54' title='bbox 309 1196 501 1287; x_wconf 79' lang='lat' dir='ltr'><strong>romphaea.¹</strong></span> <span class='ocrx_word' id='word_1_55' title='bbox 518 1198 576 1266; x_wconf 90' lang='lat' dir='ltr'><strong>Hic</strong></span> <span class='ocrx_word' id='word_1_56' title='bbox 592 1209 640 1265; x_wconf 89' lang='lat' dir='ltr'><strong>est</strong></span> <span class='ocrx_word' id='word_1_57' title='bbox 660 1197 710 1264; x_wconf 90' lang='lat' dir='ltr'><strong>ille</strong></span> <span class='ocrx_word' id='word_1_58' title='bbox 728 1197 820 1276; x_wconf 82' lang='lat' dir='ltr'><strong>Elias,</strong></span> <span class='ocrx_word' id='word_1_59' title='bbox 837 1198 893 1287; x_wconf 90' lang='lat' dir='ltr'><strong>qui</strong></span> <span class='ocrx_word' id='word_1_60' title='bbox 942 1197 1093 1271; x_wconf 86' lang='lat' dir='ltr'><strong>militibus</strong></span> <span class='ocrx_word' id='word_1_61' title='bbox 1115 1200 1243 1266; x_wconf 89' lang='lat' dir='ltr'><strong>coelesti</strong></span> <span class='ocrx_word' id='word_1_62' title='bbox 1261 1201 1333 1287; x_wconf 82' lang='lat' dir='ltr'><strong>igne</strong></span> <span class='ocrx_word' id='word_1_63' title='bbox 1351 1198 1537 1269; x_wconf 88' lang='lat' dir='ltr'><strong>combussit.</strong></span> 
     </span>
     <span class='ocr_line' id='line_1_8' title="bbox 306 1289 1536 1381; baseline 0.002 -23"><span class='ocrx_word' id='word_1_64' title='bbox 306 1296 354 1358; x_wconf 86' lang='lat' dir='ltr'><strong>ter</strong></span> <span class='ocrx_word' id='word_1_65' title='bbox 378 1294 484 1378; x_wconf 87' lang='lat' dir='ltr'><strong>ignem</strong></span> <span class='ocrx_word' id='word_1_66' title='bbox 507 1312 525 1359; x_wconf 89' lang='lat' dir='ltr'><strong>e</strong></span> <span class='ocrx_word' id='word_1_67' title='bbox 549 1292 639 1359; x_wconf 88' lang='lat' dir='ltr'><strong>coelo</strong></span> <span class='ocrx_word' id='word_1_68' title='bbox 663 1289 804 1368; x_wconf 87' lang='lat' dir='ltr'><strong>deduxit,</strong></span> <span class='ocrx_word' id='word_1_69' title='bbox 822 1292 893 1381; x_wconf 87' lang='lat' dir='ltr'><strong>qui·</strong></span> <span class='ocrx_word' id='word_1_70' title='bbox 942 1292 1113 1361; x_wconf 89' lang='lat' dir='ltr'><strong>lordanem</strong></span> <span class='ocrx_word' id='word_1_71' title='bbox 1137 1294 1300 1373; x_wconf 82' lang='lat' dir='ltr'><strong>transiens,</strong></span> <span class='ocrx_word' id='word_1_72' title='bbox 1325 1302 1410 1359; x_wconf 88' lang='lat' dir='ltr'><strong>tactu</strong></span> <span class='ocrx_word' id='word_1_73' title='bbox 1437 1292 1536 1361; x_wconf 90' lang='lat' dir='ltr'><strong>melo-</strong></span> 
     </span>
     <span class='ocr_line' id='line_1_9' title="bbox 307 1382 1246 1475; baseline 0.002 -26"><span class='ocrx_word' id='word_1_74' title='bbox 307 1405 372 1469; x_wconf 87' lang='lat' dir='ltr'><strong>que</strong></span> <span class='ocrx_word' id='word_1_75' title='bbox 397 1382 530 1457; x_wconf 82' lang='lat' dir='ltr'><strong>imbrem</strong></span> <span class='ocrx_word' id='word_1_76' title='bbox 547 1402 604 1451; x_wconf 88' lang='lat' dir='ltr'><strong>sua</strong></span> <span class='ocrx_word' id='word_1_77' title='bbox 622 1382 730 1471; x_wconf 86' lang='lat' dir='ltr'><strong>lingua</strong></span> <span class='ocrx_word' id='word_1_78' title='bbox 745 1386 892 1470; x_wconf 83' lang='lat' dir='ltr'><strong>gustavit,</strong></span> <span class='ocrx_word' id='word_1_79' title='bbox 942 1386 982 1452; x_wconf 87' lang='lat' dir='ltr'><strong>tis</strong></span> <span class='ocrx_word' id='word_1_80' title='bbox 1005 1385 1113 1453; x_wconf 90' lang='lat' dir='ltr'><strong>abruit</strong></span> <span class='ocrx_word' id='word_1_81' title='bbox 1134 1407 1246 1475; x_wconf 85' lang='lat' dir='ltr'><strong>aquas.</strong></span> 
     </span>
     <span class='ocr_line' id='line_1_10' title="bbox 307 1472 1537 1570; baseline 0.005 -29"><span class='ocrx_word' id='word_1_82' title='bbox 307 1472 451 1546; x_wconf 83' lang='lat' dir='ltr'><strong>mortuos</strong></span> <span class='ocrx_word' id='word_1_83' title='bbox 476 1479 550 1544; x_wconf 90' lang='lat' dir='ltr'><strong>item</strong></span> <span class='ocrx_word' id='word_1_84' title='bbox 575 1477 746 1557; x_wconf 79' lang='lat' dir='ltr'>suscitavit,</span> <span class='ocrx_word' id='word_1_85' title='bbox 787 1487 819 1544; x_wconf 91' lang='lat' dir='ltr'><strong>et</strong></span> <span class='ocrx_word' id='word_1_86' title='bbox 859 1480 893 1544; x_wconf 91' lang='lat' dir='ltr'><strong>in</strong></span> <span class='ocrx_word' id='word_1_87' title='bbox 951 1520 957 1541; x_wconf 86' lang='lat'><strong>-.</strong></span> <span class='ocrx_word' id='word_1_88' title='bbox 987 1485 1019 1558; x_wconf 68' lang='lat' dir='ltr'><strong>u.</strong></span> <span class='ocrx_word' id='word_1_89' title='bbox 1038 1479 1123 1545; x_wconf 85' lang='lat' dir='ltr'><strong>¹Cum</strong></span> <span class='ocrx_word' id='word_1_90' title='bbox 1148 1480 1286 1547; x_wconf 88' lang='lat' dir='ltr'><strong>venisset</strong></span> <span class='ocrx_word' id='word_1_91' title='bbox 1301 1478 1444 1562; x_wconf 83' lang='lat' dir='ltr'><strong>Eliasad</strong></span> <span class='ocrx_word' id='word_1_92' title='bbox 1462 1499 1537 1570; x_wconf 84' lang='lat' dir='ltr'><strong>por·</strong></span> 
     </span>
     <span class='ocr_line' id='line_1_11' title="bbox 307 1568 1536 1664; baseline 0.005 -31"><span class='ocrx_word' id='word_1_93' title='bbox 307 1570 432 1637; x_wconf 90' lang='lat' dir='ltr'><strong>coelum</strong></span> <span class='ocrx_word' id='word_1_94' title='bbox 450 1568 730 1659; x_wconf 77' lang='lat' dir='ltr'><strong>-denique&#39;nimbO,</strong></span> <span class='ocrx_word' id='word_1_95' title='bbox 748 1591 806 1637; x_wconf 88' lang='lat' dir='ltr'><strong>scu</strong></span> <span class='ocrx_word' id='word_1_96' title='bbox 828 1580 899 1638; x_wconf 47' lang='lat' dir='ltr'><strong>tur«</strong></span> <span class='ocrx_word' id='word_1_97' title='bbox 943 1581 1007 1638; x_wconf 88' lang='lat' dir='ltr'><strong>tam</strong></span> <span class='ocrx_word' id='word_1_98' title='bbox 1031 1572 1175 1652; x_wconf 87' lang='lat' dir='ltr'><strong>civitatis,</strong></span> <span class='ocrx_word' id='word_1_99' title='bbox 1199 1572 1345 1664; x_wconf 89' lang='lat' dir='ltr'><strong>apparuit</strong></span> <span class='ocrx_word' id='word_1_100' title='bbox 1368 1574 1396 1641; x_wconf 92' lang='lat' dir='ltr'><strong>ei</strong></span> <span class='ocrx_word' id='word_1_101' title='bbox 1422 1573 1536 1644; x_wconf 88' lang='lat' dir='ltr'><strong>mulier</strong></span> 
     </span>
     <span class='ocr_line' id='line_1_12' title="bbox 306 1656 1537 1753; baseline 0.003 -24"><span class='ocrx_word' id='word_1_102' title='bbox 306 1656 380 1748; x_wconf 83' lang='lat' dir='ltr'><strong>bine</strong></span> <span class='ocrx_word' id='word_1_103' title='bbox 404 1663 483 1752; x_wconf 87' lang='lat' dir='ltr'><strong>ignis</strong></span> <span class='ocrx_word' id='word_1_104' title='bbox 507 1674 689 1753; x_wconf 87' lang='lat' dir='ltr'><strong>assumptus</strong></span> <span class='ocrx_word' id='word_1_105' title='bbox 713 1672 770 1729; x_wconf 89' lang='lat' dir='ltr'><strong>est.</strong></span> <span class='ocrx_word' id='word_1_106' title='bbox 804 1688 806 1693; x_wconf 94' lang='lat'>·</span> <span class='ocrx_word' id='word_1_107' title='bbox 896 1684 900 1691; x_wconf 77' lang='grc'><em>’</em></span> <span class='ocrx_word' id='word_1_108' title='bbox 940 1663 1048 1745; x_wconf 80' lang='lat' dir='ltr'><strong>vidua,</strong></span> <span class='ocrx_word' id='word_1_109' title='bbox 1074 1664 1226 1753; x_wconf 86' lang='lat' dir='ltr'><strong>colligens</strong></span> <span class='ocrx_word' id='word_1_110' title='bbox 1266 1666 1360 1753; x_wconf 81' lang='lat' dir='ltr'><strong>ligna,</strong></span> <span class='ocrx_word' id='word_1_111' title='bbox 1384 1675 1417 1733; x_wconf 88' lang='lat' dir='ltr'><strong>et</strong></span> <span class='ocrx_word' id='word_1_112' title='bbox 1440 1685 1537 1733; x_wconf 88' lang='lat' dir='ltr'><strong>voca-</strong></span> 
     </span>
     <span class='ocr_line' id='line_1_13' title="bbox 354 1754 1534 1848; baseline 0.003 -27"><span class='ocrx_word' id='word_1_113' title='bbox 354 1758 385 1829; x_wconf 71' lang='lat' dir='ltr'><strong>ti.</strong></span> <span class='ocrx_word' id='word_1_114' title='bbox 410 1758 460 1822; x_wconf 77' lang='lat' dir='ltr'><strong>Ait</strong></span> <span class='ocrx_word' id='word_1_115' title='bbox 483 1754 603 1823; x_wconf 79' lang='lat' dir='ltr'><strong>Abdias</strong></span> <span class='ocrx_word' id='word_1_116' title='bbox 626 1754 667 1821; x_wconf 90' lang='lat' dir='ltr'><strong>ad</strong></span> <span class='ocrx_word' id='word_1_117' title='bbox 687 1756 893 1825; x_wconf 83' lang='lat' dir='ltr'><strong>Eliarn:·cum</strong></span> <span class='ocrx_word' id='word_1_118' title='bbox 941 1758 987 1824; x_wconf 83' lang='lat' dir='ltr'><strong>vit</strong></span> <span class='ocrx_word' id='word_1_119' title='bbox 1022 1777 1123 1841; x_wconf 57' lang='lat' dir='ltr'><strong>eam„</strong></span> <span class='ocrx_word' id='word_1_120' title='bbox 1147 1757 1289 1848; x_wconf 79' lang='lat' dir='ltr'>dixitque</span> <span class='ocrx_word' id='word_1_121' title='bbox 1320 1758 1360 1823; x_wconf 88' lang='lat' dir='ltr'><strong>ei:</strong></span> <span class='ocrx_word' id='word_1_122' title='bbox 1386 1760 1434 1825; x_wconf 86' lang='lat' dir='ltr'><strong>Da</strong></span> <span class='ocrx_word' id='word_1_123' title='bbox 1458 1758 1534 1825; x_wconf 87' lang='lat' dir='ltr'><strong>mihi</strong></span> 
     </span>
     <span class='ocr_line' id='line_1_14' title="bbox 309 1846 1633 1941; baseline 0.005 -28"><span class='ocrx_word' id='word_1_124' title='bbox 309 1868 471 1919; x_wconf 81' lang='lat' dir='ltr'><strong>recessero</strong></span> <span class='ocrx_word' id='word_1_125' title='bbox 495 1850 578 1929; x_wconf 83' lang='lat' dir='ltr'><strong>ate,</strong></span> <span class='ocrx_word' id='word_1_126' title='bbox 603 1850 893 1940; x_wconf 82' lang='lat' dir='ltr'><strong>Spiritusllomini</strong></span> <span class='ocrx_word' id='word_1_127' title='bbox 965 1850 1110 1917; x_wconf 88' lang='lat' dir='ltr'><strong>aulolum</strong></span> <span class='ocrx_word' id='word_1_128' title='bbox 1148 1871 1253 1941; x_wconf 88' lang='lat' dir='ltr'><strong>aquae</strong></span> <span class='ocrx_word' id='word_1_129' title='bbox 1286 1852 1320 1917; x_wconf 90' lang='lat' dir='ltr'><strong>in</strong></span> <span class='ocrx_word' id='word_1_130' title='bbox 1361 1870 1458 1933; x_wconf 88' lang='lat' dir='ltr'><strong>vase,</strong></span> <span class='ocrx_word' id='word_1_131' title='bbox 1499 1861 1536 1919; x_wconf 91' lang='lat' dir='ltr'><strong>ut</strong></span> <span class='ocrx_word' id='word_1_132' title='bbox 1628 1846 1633 1853; x_wconf 71' lang='grc'><strong>”</strong></span> 
     </span>
     <span class='ocr_line' id='line_1_15' title="bbox 238 1872 1668 2034; baseline 0.002 -27"><span class='ocrx_word' id='word_1_133' title='bbox 238 1938 239 1941; x_wconf 65' lang='grc'>’</span> <span class='ocrx_word' id='word_1_134' title='bbox 306 1942 483 2032; x_wconf 77' lang='lat' dir='ltr'><strong>asportabit</strong></span> <span class='ocrx_word' id='word_1_135' title='bbox 506 1951 537 2010; x_wconf 89' lang='lat' dir='ltr'><strong>te</strong></span> <span class='ocrx_word' id='word_1_136' title='bbox 568 1942 600 2009; x_wconf 89' lang='lat' dir='ltr'><strong>in</strong></span> <span class='ocrx_word' id='word_1_137' title='bbox 639 1936 758 2023; x_wconf 81' lang='lat' dir='ltr'><strong>locum,</strong></span> <span class='ocrx_word' id='word_1_138' title='bbox 799 1946 896 2034; x_wconf 86' lang='lat' dir='ltr'><strong>quern</strong></span> <span class='ocrx_word' id='word_1_139' title='bbox 942 1872 1061 2011; x_wconf 68' lang='lat' dir='ltr'><strong>libam.</strong></span> <span class='ocrx_word' id='word_1_140' title='bbox 1225 2006 1228 2010; x_wconf 24' lang='lat' dir='ltr'><em>f</em></span> <span class='ocrx_word' id='word_1_141' title='bbox 1475 1974 1479 1979; x_wconf 52' lang='lat'><strong><em>⁴</em></strong></span> <span class='ocrx_word' id='word_1_142' title='bbox 1665 1929 1668 1958; x_wconf 62' lang='lat'><strong>¹</strong></span> 
     </span>
     <span class='ocr_line' id='line_1_16' title="bbox 305 2034 1538 2128; baseline -0.002 -23"><span class='ocrx_word' id='word_1_143' title='bbox 305 2056 366 2123; x_wconf 81' lang='lat' dir='ltr'><strong>ego</strong></span> <span class='ocrx_word' id='word_1_144' title='bbox 391 2035 525 2125; x_wconf 59' lang='lat' dir='ltr'><strong>ignor0,3</strong></span> <span class='ocrx_word' id='word_1_145' title='bbox 540 2044 572 2103; x_wconf 89' lang='lat' dir='ltr'><strong>et</strong></span> <span class='ocrx_word' id='word_1_146' title='bbox 603 2046 639 2103; x_wconf 90' lang='lat' dir='ltr'><strong>tu</strong></span> <span class='ocrx_word' id='word_1_147' title='bbox 676 2034 764 2102; x_wconf 89' lang='lat' dir='ltr'><strong>dicis.</strong></span> <span class='ocrx_word' id='word_1_148' title='bbox 789 2034 810 2079; x_wconf 69' lang='lat'><strong>³*</strong></span> <span class='ocrx_word' id='word_1_149' title='bbox 834 2037 894 2103; x_wconf 88' lang='lat' dir='ltr'><strong>Dic</strong></span> <span class='ocrx_word' id='word_1_150' title='bbox 927 2111 929 2117; x_wconf 92' lang='lat'><em>.</em></span> <span class='ocrx_word' id='word_1_151' title='bbox 986 2042 1016 2105; x_wconf 81' lang='lat' dir='ltr'><strong>rt.</strong></span> <span class='ocrx_word' id='word_1_152' title='bbox 1042 2036 1196 2125; x_wconf 73' lang='lat' dir='ltr'><strong>Cumque,</strong></span> <span class='ocrx_word' id='word_1_153' title='bbox 1218 2036 1273 2126; x_wconf 88' lang='lat' dir='ltr'><strong>illa</strong></span> <span class='ocrx_word' id='word_1_154' title='bbox 1312 2044 1468 2128; x_wconf 79' lang='lat' dir='ltr'><strong>pergeret,</strong></span> <span class='ocrx_word' id='word_1_155' title='bbox 1498 2044 1538 2103; x_wconf 94' lang='lat' dir='ltr'><strong>ut</strong></span> 
     </span>
     <span class='ocr_line' id='line_1_17' title="bbox 304 2120 1536 2221; baseline 0.001 -27"><span class='ocrx_word' id='word_1_156' title='bbox 304 2129 444 2219; x_wconf 83' lang='lat' dir='ltr'><strong>Domino</strong></span> <span class='ocrx_word' id='word_1_157' title='bbox 461 2142 526 2196; x_wconf 92' lang='lat' dir='ltr'><strong>tun:</strong></span> <span class='ocrx_word' id='word_1_158' title='bbox 539 2126 629 2196; x_wconf 89' lang='lat' dir='ltr'><strong>adest</strong></span> <span class='ocrx_word' id='word_1_159' title='bbox 643 2120 758 2195; x_wconf 82' lang='lat' dir='ltr'><strong>Elias&#39;</strong></span> <span class='ocrx_word' id='word_1_160' title='bbox 862 2176 871 2185; x_wconf 36' lang='lat'><strong>⁴.</strong></span> <span class='ocrx_word' id='word_1_161' title='bbox 922 2127 1082 2210; x_wconf 79' lang='lat' dir='ltr'><strong>allatret,</strong></span> <span class='ocrx_word' id='word_1_162' title='bbox 1113 2130 1262 2198; x_wconf 86' lang='lat' dir='ltr'><strong>clamavit</strong></span> <span class='ocrx_word' id='word_1_163' title='bbox 1298 2138 1372 2221; x_wconf 90' lang='lat' dir='ltr'><strong>pust</strong></span> <span class='ocrx_word' id='word_1_164' title='bbox 1410 2139 1536 2217; x_wconf 87' lang='lat' dir='ltr'><strong>tergum</strong></span> 
     </span>
     <span class='ocr_line' id='line_1_18' title="bbox 333 2215 1539 2313; baseline 0.005 -30"><span class='ocrx_word' id='word_1_165' title='bbox 333 2215 382 2288; x_wconf 63' lang='lat' dir='ltr'><strong>ul.</strong></span> <span class='ocrx_word' id='word_1_166' title='bbox 408 2221 490 2295; x_wconf 83' lang='lat' dir='ltr'><strong>Dixit</strong></span> <span class='ocrx_word' id='word_1_167' title='bbox 509 2220 606 2287; x_wconf 80' lang='lat' dir='ltr'><strong>Elias:</strong></span> <span class='ocrx_word' id='word_1_168' title='bbox 630 2222 710 2287; x_wconf 88' lang='lat' dir='ltr'><strong>vivit</strong></span> <span class='ocrx_word' id='word_1_169' title='bbox 741 2221 897 2289; x_wconf 84' lang='lat' dir='ltr'><strong>Dominus</strong></span> <span class='ocrx_word' id='word_1_170' title='bbox 922 2271 925 2276; x_wconf 27' lang='grc' dir='ltr'><em>ψ</em></span> <span class='ocrx_word' id='word_1_171' title='bbox 944 2223 1015 2313; x_wconf 88' lang='lat' dir='ltr'><strong>ejus</strong></span> <span class='ocrx_word' id='word_1_172' title='bbox 1039 2222 1157 2289; x_wconf 87' lang='lat' dir='ltr'><strong>dicens:</strong></span> <span class='ocrx_word' id='word_1_173' title='bbox 1181 2223 1262 2306; x_wconf 84' lang='lat' dir='ltr'><strong>aller.</strong></span> <span class='ocrx_word' id='word_1_174' title='bbox 1283 2222 1371 2305; x_wconf 78' lang='lat' dir='ltr'><strong>mihi,</strong></span> <span class='ocrx_word' id='word_1_175' title='bbox 1392 2221 1539 2304; x_wconf 80' lang='lat' dir='ltr'><strong>obsecro,</strong></span> 
     </span>
     <span class='ocr_line' id='line_1_19' title="bbox 305 2314 1668 2409; baseline 0 -26"><span class='ocrx_word' id='word_1_176' title='bbox 305 2314 610 2394; x_wconf 76' lang='lat' dir='ltr'><strong>exercituum-‚ante</strong></span> <span class='ocrx_word' id='word_1_177' title='bbox 634 2314 727 2402; x_wconf 91' lang='lat' dir='ltr'><strong>cujus</strong></span> <span class='ocrx_word' id='word_1_178' title='bbox 768 2314 895 2393; x_wconf 78' lang='lat' dir='ltr'><strong>vultum</strong></span> <span class='ocrx_word' id='word_1_179' title='bbox 944 2326 976 2383; x_wconf 86' lang='lat' dir='ltr'><strong>et</strong></span> <span class='ocrx_word' id='word_1_180' title='bbox 1001 2315 1178 2384; x_wconf 88' lang='lat' dir='ltr'><strong>buccellam</strong></span> <span class='ocrx_word' id='word_1_181' title='bbox 1202 2319 1343 2409; x_wconf 87' lang='lat' dir='ltr'><strong>panisin</strong></span> <span class='ocrx_word' id='word_1_182' title='bbox 1360 2324 1539 2383; x_wconf 86' lang='lat' dir='ltr'><strong>mauutua.</strong></span> <span class='ocrx_word' id='word_1_183' title='bbox 1667 2369 1668 2372; x_wconf 16' lang='grc' dir='ltr'>η</span> 
     </span>
     <span class='ocr_line' id='line_1_20' title="bbox 306 2406 1153 2499; baseline -0.005 -24"><span class='ocrx_word' id='word_1_184' title='bbox 306 2418 367 2486; x_wconf 90' lang='lat' dir='ltr'><strong>sto,</strong></span> <span class='ocrx_word' id='word_1_185' title='bbox 396 2408 475 2496; x_wconf 91' lang='lat' dir='ltr'><strong>quia</strong></span> <span class='ocrx_word' id='word_1_186' title='bbox 492 2406 589 2475; x_wconf 88' lang='lat' dir='ltr'><strong>hodio</strong></span> <span class='ocrx_word' id='word_1_187' title='bbox 605 2407 766 2499; x_wconf 85' lang='lat' dir='ltr'><strong>apparebo</strong></span> <span class='ocrx_word' id='word_1_188' title='bbox 783 2409 825 2477; x_wconf 86' lang='lat' dir='ltr'><strong>ei.</strong></span> <span class='ocrx_word' id='word_1_189' title='bbox 840 2410 900 2489; x_wconf 87' lang='lat' dir='ltr'><strong>Dic</strong></span> <span class='ocrx_word' id='word_1_190' title='bbox 946 2409 995 2476; x_wconf 89' lang='lat' dir='ltr'><strong>Da</strong></span> <span class='ocrx_word' id='word_1_191' title='bbox 1019 2409 1106 2479; x_wconf 85' lang='lat' dir='ltr'><strong>mihi.</strong></span> <span class='ocrx_word' id='word_1_192' title='bbox 1149 2420 1153 2426; x_wconf 80' lang='grc'><strong>’</strong></span> 
     </span>
     <span class='ocr_line' id='line_1_21' title="bbox 307 2500 1346 2579; baseline 0.002 -12"><span class='ocrx_word' id='word_1_193' title='bbox 307 2501 457 2567; x_wconf 83' lang='lat' dir='ltr'><strong>Domino,</strong></span> <span class='ocrx_word' id='word_1_194' title='bbox 849 2576 851 2579; x_wconf 18' lang='lat'>¹</span> <span class='ocrx_word' id='word_1_195' title='bbox 1017 2511 1039 2559; x_wconf 80' lang='grc'><strong>’.</strong></span> <span class='ocrx_word' id='word_1_196' title='bbox 1109 2540 1112 2557; x_wconf 66' lang='lat'>1</span> <span class='ocrx_word' id='word_1_197' title='bbox 1150 2500 1262 2571; x_wconf 80' lang='lat' dir='ltr'><strong>Lectio</strong></span> <span class='ocrx_word' id='word_1_198' title='bbox 1283 2522 1346 2569; x_wconf 58' lang='lat' dir='ltr'><strong>vlu</strong></span> 
     </span>
     <span class='ocr_line' id='line_1_22' title="bbox 203 2548 1568 2688; baseline 0.003 -29"><span class='ocrx_word' id='word_1_199' title='bbox 203 2624 205 2629; x_wconf 96' lang='lat'>·</span> <span class='ocrx_word' id='word_1_200' title='bbox 306 2594 354 2660; x_wconf 84' lang='lat' dir='ltr'><strong>le</strong></span> <span class='ocrx_word' id='word_1_201' title='bbox 371 2584 588 2663; x_wconf 88' lang='lat' dir='ltr'><strong>LibroSancti</strong></span> <span class='ocrx_word' id='word_1_202' title='bbox 612 2592 726 2663; x_wconf 88' lang='lat' dir='ltr'><strong>Isidori</strong></span> <span class='ocrx_word' id='word_1_203' title='bbox 750 2594 899 2688; x_wconf 83' lang='lat' dir='ltr'><strong>Episcopi</strong></span> <span class='ocrx_word' id='word_1_204' title='bbox 929 2548 1057 2669; x_wconf 75' lang='lat' dir='ltr'><strong>‚Post</strong></span> <span class='ocrx_word' id='word_1_205' title='bbox 1080 2592 1158 2662; x_wconf 88' lang='lat' dir='ltr'><strong>baec</strong></span> <span class='ocrx_word' id='word_1_206' title='bbox 1181 2586 1275 2683; x_wconf 79' lang='lat' dir='ltr'><strong>igneo</strong></span> <span class='ocrx_word' id='word_1_207' title='bbox 1300 2615 1399 2661; x_wconf 90' lang='lat' dir='ltr'><strong>curru</strong></span> <span class='ocrx_word' id='word_1_208' title='bbox 1417 2594 1447 2661; x_wconf 92' lang='lat' dir='ltr'><strong>iu</strong></span> <span class='ocrx_word' id='word_1_209' title='bbox 1464 2584 1568 2663; x_wconf 63' lang='lat' dir='ltr'><strong>coe-&#39;⁶</strong></span> 
     </span>
     <span class='ocr_line' id='line_1_23' title="bbox 266 2686 1667 2776; baseline 0.002 -21"><span class='ocrx_word' id='word_1_210' title='bbox 266 2688 274 2701; x_wconf 86' lang='lat'>&#39;</span> <span class='ocrx_word' id='word_1_211' title='bbox 330 2690 376 2757; x_wconf 86' lang='lat' dir='ltr'><strong>Dc</strong></span> <span class='ocrx_word' id='word_1_212' title='bbox 407 2687 488 2770; x_wconf 83' lang='lat' dir='ltr'><strong>Vita,</strong></span> <span class='ocrx_word' id='word_1_213' title='bbox 512 2701 541 2759; x_wconf 87' lang='lat' dir='ltr'><strong>et</strong></span> <span class='ocrx_word' id='word_1_214' title='bbox 562 2700 661 2757; x_wconf 85' lang='lat' dir='ltr'><strong>morte</strong></span> <span class='ocrx_word' id='word_1_215' title='bbox 679 2690 874 2759; x_wconf 83' lang='lat' dir='ltr'><strong>Sanctorum.</strong></span> <span class='ocrx_word' id='word_1_216' title='bbox 945 2686 1011 2754; x_wconf 89' lang='lat' dir='ltr'><strong>lum</strong></span> <span class='ocrx_word' id='word_1_217' title='bbox 1037 2695 1146 2776; x_wconf 86' lang='lat' dir='ltr'><strong>raptus</strong></span> <span class='ocrx_word' id='word_1_218' title='bbox 1181 2686 1334 2768; x_wconf 84' lang='lat' dir='ltr'><strong>ascendit,</strong></span> <span class='ocrx_word' id='word_1_219' title='bbox 1374 2697 1539 2768; x_wconf 85' lang='lat' dir='ltr'><strong>venturus,</strong></span> <span class='ocrx_word' id='word_1_220' title='bbox 1666 2741 1667 2758; x_wconf 46' lang='lat' dir='ltr'><strong>r</strong></span> 
     </span>
     <span class='ocr_line' id='line_1_24' title="bbox 336 2778 1540 2873; baseline -0.002 -23"><span class='ocrx_word' id='word_1_221' title='bbox 336 2830 357 2867; x_wconf 46' lang='grc' dir='ltr'><strong>η</strong></span> <span class='ocrx_word' id='word_1_222' title='bbox 527 2780 635 2851; x_wconf 78' lang='lat' dir='ltr'><strong>Lectio</strong></span> <span class='ocrx_word' id='word_1_223' title='bbox 659 2802 687 2847; x_wconf 84' lang='lat' dir='ltr'><strong>v.</strong></span> <span class='ocrx_word' id='word_1_224' title='bbox 931 2782 1037 2868; x_wconf 82' lang='lat' dir='ltr'><strong>-juxta</strong></span> <span class='ocrx_word' id='word_1_225' title='bbox 1061 2778 1244 2848; x_wconf 87' lang='lat' dir='ltr'><strong>llalachiam</strong></span> <span class='ocrx_word' id='word_1_226' title='bbox 1281 2781 1540 2873; x_wconf 14' lang='lat' dir='ltr'><strong>Prophetam,v.in</strong></span> 
     </span>
     <span class='ocr_line' id='line_1_25' title="bbox 306 2828 1542 2968; baseline -0.002 -27"><span class='ocrx_word' id='word_1_227' title='bbox 306 2828 432 2952; x_wconf 65' lang='lat' dir='ltr'><strong>Elias,</strong></span> <span class='ocrx_word' id='word_1_228' title='bbox 458 2877 514 2963; x_wconf 91' lang='lat' dir='ltr'><strong>qni</strong></span> <span class='ocrx_word' id='word_1_229' title='bbox 539 2875 762 2965; x_wconf 87' lang='lat' dir='ltr'><strong>interpretatur</strong></span> <span class='ocrx_word' id='word_1_230' title='bbox 790 2875 901 2941; x_wconf 91' lang='lat' dir='ltr'><strong>Domi·</strong></span> <span class='ocrx_word' id='word_1_231' title='bbox 946 2875 1011 2943; x_wconf 89' lang='lat' dir='ltr'><strong>fine</strong></span> <span class='ocrx_word' id='word_1_232' title='bbox 1034 2874 1158 2956; x_wconf 70' lang='lat' dir='ltr'><strong>mundi,</strong></span> <span class='ocrx_word' id='word_1_233' title='bbox 1184 2896 1417 2968; x_wconf 84' lang='lat' dir='ltr'><strong>praecursurus</strong></span> <span class='ocrx_word' id='word_1_234' title='bbox 1449 2872 1542 2942; x_wconf 84' lang='lat' dir='ltr'><strong>Chri·</strong></span> 
     </span>
     <span class='ocr_line' id='line_1_26' title="bbox 309 2960 1541 3049; baseline 0.002 -16"><span class='ocrx_word' id='word_1_235' title='bbox 309 2988 373 3033; x_wconf 87' lang='lat' dir='ltr'><strong>nus</strong></span> <span class='ocrx_word' id='word_1_236' title='bbox 396 2968 493 3047; x_wconf 90' lang='lat' dir='ltr'><strong>Deus,</strong></span> <span class='ocrx_word' id='word_1_237' title='bbox 529 2960 713 3047; x_wconf 80' lang='lat' dir='ltr'><strong>lbesbites,</strong></span> <span class='ocrx_word' id='word_1_238' title='bbox 748 2967 899 3037; x_wconf 89' lang='lat' dir='ltr'><strong>sacerdos</strong></span> <span class='ocrx_word' id='word_1_239' title='bbox 946 2979 1058 3049; x_wconf 88' lang='lat' dir='ltr'><strong>stum,</strong></span> <span class='ocrx_word' id='word_1_240' title='bbox 1097 2969 1349 3037; x_wconf 88' lang='lat' dir='ltr'><strong>annunciaturus</strong></span> <span class='ocrx_word' id='word_1_241' title='bbox 1385 2968 1541 3035; x_wconf 88' lang='lat' dir='ltr'><strong>ultimum</strong></span> 
     </span>
     <span class='ocr_line' id='line_1_27' title="bbox 305 3058 1542 3149; baseline -0.002 -22"><span class='ocrx_word' id='word_1_242' title='bbox 305 3078 451 3148; x_wconf 87' lang='lat' dir='ltr'><strong>magnus,</strong></span> <span class='ocrx_word' id='word_1_243' title='bbox 475 3068 572 3147; x_wconf 87' lang='lat' dir='ltr'><strong>atque</strong></span> <span class='ocrx_word' id='word_1_244' title='bbox 597 3058 761 3149; x_wconf 85' lang='lat' dir='ltr'><strong>propheta,</strong></span> <span class='ocrx_word' id='word_1_245' title='bbox 780 3058 901 3129; x_wconf 86' lang='lat' dir='ltr'><strong>habita·</strong></span> <span class='ocrx_word' id='word_1_246' title='bbox 947 3063 1019 3149; x_wconf 87' lang='lat' dir='ltr'><strong>ejus</strong></span> <span class='ocrx_word' id='word_1_247' title='bbox 1043 3059 1215 3128; x_wconf 85' lang='lat' dir='ltr'><strong>adveutum</strong></span> <span class='ocrx_word' id='word_1_248' title='bbox 1240 3082 1313 3129; x_wconf 86' lang='lat' dir='ltr'><strong>curn</strong></span> <span class='ocrx_word' id='word_1_249' title='bbox 1336 3064 1462 3147; x_wconf 84' lang='lat' dir='ltr'><strong>magnis</strong></span> <span class='ocrx_word' id='word_1_250' title='bbox 1476 3062 1542 3125; x_wconf 80' lang='lat' dir='ltr'><strong>rir-</strong></span> 
     </span>
     <span class='ocr_line' id='line_1_28' title="bbox 304 3149 1540 3244; baseline -0.001 -26"><span class='ocrx_word' id='word_1_251' title='bbox 304 3161 356 3219; x_wconf 89' lang='lat' dir='ltr'><strong>tor</strong></span> <span class='ocrx_word' id='word_1_252' title='bbox 380 3150 573 3231; x_wconf 66' lang='lat' dir='ltr'><strong>solitudinis</strong></span> <span class='ocrx_word' id='word_1_253' title='bbox 599 3149 663 3219; x_wconf 85' lang='lat' dir='ltr'><strong>fide</strong></span> <span class='ocrx_word' id='word_1_254' title='bbox 685 3150 811 3241; x_wconf 89' lang='lat' dir='ltr'><strong>plenus,</strong></span> <span class='ocrx_word' id='word_1_255' title='bbox 843 3151 900 3221; x_wconf 91' lang='lat' dir='ltr'><strong>de·</strong></span> <span class='ocrx_word' id='word_1_256' title='bbox 949 3152 1079 3232; x_wconf 87' lang='lat' dir='ltr'><strong>tutibus&#39;,</strong></span> <span class='ocrx_word' id='word_1_257' title='bbox 1104 3154 1321 3244; x_wconf 79' lang='lat' dir='ltr'><strong>prodigiisque</strong></span> <span class='ocrx_word' id='word_1_258' title='bbox 1363 3153 1540 3242; x_wconf 81' lang='lat' dir='ltr'><strong>signorum,</strong></span> 
     </span>
     <span class='ocr_line' id='line_1_29' title="bbox 306 3242 1543 3337; baseline 0 -25"><span class='ocrx_word' id='word_1_259' title='bbox 306 3246 433 3315; x_wconf 86' lang='lat' dir='ltr'><strong>votione</strong></span> <span class='ocrx_word' id='word_1_260' title='bbox 472 3266 640 3324; x_wconf 82' lang='lat' dir='ltr'><strong>summus,</strong></span> <span class='ocrx_word' id='word_1_261' title='bbox 676 3242 708 3309; x_wconf 91' lang='lat' dir='ltr'><strong>in</strong></span> <span class='ocrx_word' id='word_1_262' title='bbox 731 3242 897 3312; x_wconf 78' lang='lat' dir='ltr'><strong>laboribus</strong></span> <span class='ocrx_word' id='word_1_263' title='bbox 944 3245 1040 3317; x_wconf 82' lang='lat' dir='ltr'><strong>itaut</strong></span> <span class='ocrx_word' id='word_1_264' title='bbox 1064 3243 1184 3319; x_wconf 88' lang='lat' dir='ltr'><strong>bellurn</strong></span> <span class='ocrx_word' id='word_1_265' title='bbox 1216 3258 1313 3337; x_wconf 66' lang='lat' dir='ltr'><strong>gerat,</strong></span> <span class='ocrx_word' id='word_1_266' title='bbox 1329 3243 1543 3314; x_wconf 74' lang='lat' dir='ltr'><strong>Antichristus</strong></span> 
     </span>
     <span class='ocr_line' id='line_1_30' title="bbox 304 3335 1544 3427; baseline -0.001 -23"><span class='ocrx_word' id='word_1_267' title='bbox 304 3338 404 3419; x_wconf 83' lang='lat' dir='ltr'><strong>fortis,</strong></span> <span class='ocrx_word' id='word_1_268' title='bbox 430 3336 587 3407; x_wconf 87' lang='lat' dir='ltr'><strong>industria</strong></span> <span class='ocrx_word' id='word_1_269' title='bbox 611 3336 721 3415; x_wconf 84' lang='lat' dir='ltr'><strong>solers,</strong></span> <span class='ocrx_word' id='word_1_270' title='bbox 739 3335 897 3405; x_wconf 81' lang='lat' dir='ltr'><strong>excellen—</strong></span> <span class='ocrx_word' id='word_1_271' title='bbox 943 3336 1098 3405; x_wconf 89' lang='lat' dir='ltr'><strong>adversus</strong></span> <span class='ocrx_word' id='word_1_272' title='bbox 1121 3362 1207 3421; x_wconf 88' lang='lat' dir='ltr'><strong>eum,</strong></span> <span class='ocrx_word' id='word_1_273' title='bbox 1231 3351 1273 3422; x_wconf 34' lang='lat' dir='ltr'><strong>et·</strong></span> <span class='ocrx_word' id='word_1_274' title='bbox 1299 3336 1441 3414; x_wconf 74' lang='lat' dir='ltr'><strong>beroch,</strong></span> <span class='ocrx_word' id='word_1_275' title='bbox 1484 3337 1544 3427; x_wconf 83' lang='lat' dir='ltr'><strong>qui</strong></span> 
     </span>
     <span class='ocr_line' id='line_1_31' title="bbox 305 3424 1665 3522; baseline -0.001 -24"><span class='ocrx_word' id='word_1_276' title='bbox 305 3431 330 3498; x_wconf 93' lang='lat' dir='ltr'><strong>ti</strong></span> <span class='ocrx_word' id='word_1_277' title='bbox 356 3432 485 3520; x_wconf 87' lang='lat' dir='ltr'><strong>ingenio</strong></span> <span class='ocrx_word' id='word_1_278' title='bbox 508 3424 681 3522; x_wconf 68' lang='lat' dir='ltr'><strong>praeditus</strong></span> <span class='ocrx_word' id='word_1_279' title='bbox 698 3431 729 3497; x_wconf 91' lang='lat' dir='ltr'><strong>in</strong></span> <span class='ocrx_word' id='word_1_280' title='bbox 745 3430 897 3499; x_wconf 84' lang='lat' dir='ltr'><strong>exercita·</strong></span> <span class='ocrx_word' id='word_1_281' title='bbox 944 3451 1020 3498; x_wconf 90' lang='lat' dir='ltr'><strong>cum</strong></span> <span class='ocrx_word' id='word_1_282' title='bbox 1043 3451 1083 3498; x_wconf 88' lang='lat' dir='ltr'><strong>eo</strong></span> <span class='ocrx_word' id='word_1_283' title='bbox 1108 3444 1264 3501; x_wconf 90' lang='lat' dir='ltr'><strong>venturus</strong></span> <span class='ocrx_word' id='word_1_284' title='bbox 1287 3441 1345 3511; x_wconf 86' lang='lat' dir='ltr'><strong>est,</strong></span> <span class='ocrx_word' id='word_1_285' title='bbox 1368 3441 1401 3499; x_wconf 87' lang='lat' dir='ltr'><strong>ot</strong></span> <span class='ocrx_word' id='word_1_286' title='bbox 1416 3432 1545 3499; x_wconf 90' lang='lat' dir='ltr'><strong>occidet</strong></span> <span class='ocrx_word' id='word_1_287' title='bbox 1664 3495 1665 3506; x_wconf 68' lang='grc'>,</span> 
     </span>
     <span class='ocr_line' id='line_1_32' title="bbox 305 3522 1545 3615; baseline 0.002 -24"><span class='ocrx_word' id='word_1_288' title='bbox 305 3526 391 3593; x_wconf 78' lang='lat' dir='ltr'><strong>bone</strong></span> <span class='ocrx_word' id='word_1_289' title='bbox 421 3523 614 3615; x_wconf 74' lang='lat' dir='ltr'><strong>disciplinae,</strong></span> <span class='ocrx_word' id='word_1_290' title='bbox 630 3534 747 3604; x_wconf 86' lang='lat' dir='ltr'><strong>rectus,</strong></span> <span class='ocrx_word' id='word_1_291' title='bbox 770 3524 901 3595; x_wconf 81' lang='lat' dir='ltr'><strong>insau-</strong></span> <span class='ocrx_word' id='word_1_292' title='bbox 946 3545 1012 3591; x_wconf 83' lang='lat' dir='ltr'><strong>eos.</strong></span> <span class='ocrx_word' id='word_1_293' title='bbox 1035 3522 1197 3593; x_wconf 77' lang='lat' dir='ltr'><strong>cadavera</strong></span> <span class='ocrx_word' id='word_1_294' title='bbox 1221 3545 1299 3593; x_wconf 83' lang='lat' dir='ltr'><strong>vcro</strong></span> <span class='ocrx_word' id='word_1_295' title='bbox 1339 3544 1453 3592; x_wconf 89' lang='lat' dir='ltr'><strong>eorum</strong></span> <span class='ocrx_word' id='word_1_296' title='bbox 1489 3526 1545 3594; x_wconf 83' lang='lat' dir='ltr'><strong>tri·</strong></span> 
     </span>
     <span class='ocr_line' id='line_1_33' title="bbox 306 3615 1545 3709; baseline -0.002 -24"><span class='ocrx_word' id='word_1_297' title='bbox 306 3627 359 3685; x_wconf 88' lang='lat' dir='ltr'><strong>cta</strong></span> <span class='ocrx_word' id='word_1_298' title='bbox 384 3616 590 3687; x_wconf 85' lang='lat' dir='ltr'><strong>meditatione</strong></span> <span class='ocrx_word' id='word_1_299' title='bbox 613 3616 772 3695; x_wconf 85' lang='lat' dir='ltr'><strong>assiduus,</strong></span> <span class='ocrx_word' id='word_1_300' title='bbox 798 3627 901 3699; x_wconf 86' lang='lat' dir='ltr'><strong>rnetu·</strong></span> <span class='ocrx_word' id='word_1_301' title='bbox 948 3616 1011 3685; x_wconf 91' lang='lat' dir='ltr'><strong>bus</strong></span> <span class='ocrx_word' id='word_1_302' title='bbox 1036 3615 1161 3696; x_wconf 71' lang='lat' dir='ltr'><strong>diebus</strong></span> <span class='ocrx_word' id='word_1_303' title='bbox 1185 3621 1218 3687; x_wconf 88' lang='lat' dir='ltr'><strong>ct</strong></span> <span class='ocrx_word' id='word_1_304' title='bbox 1238 3640 1298 3687; x_wconf 85' lang='lat' dir='ltr'><strong>sex</strong></span> <span class='ocrx_word' id='word_1_305' title='bbox 1321 3616 1410 3686; x_wconf 88' lang='lat' dir='ltr'><strong>horis</strong></span> <span class='ocrx_word' id='word_1_306' title='bbox 1425 3620 1460 3685; x_wconf 85' lang='lat' dir='ltr'><strong>in</strong></span> <span class='ocrx_word' id='word_1_307' title='bbox 1476 3616 1545 3709; x_wconf 73' lang='lat' dir='ltr'><strong>pla-</strong></span> 
     </span>
     <span class='ocr_line' id='line_1_34' title="bbox 306 3708 1546 3803; baseline -0.002 -24"><span class='ocrx_word' id='word_1_308' title='bbox 306 3732 373 3803; x_wconf 89' lang='lat' dir='ltr'><strong>que</strong></span> <span class='ocrx_word' id='word_1_309' title='bbox 396 3712 508 3781; x_wconf 91' lang='lat' dir='ltr'><strong>mortis</strong></span> <span class='ocrx_word' id='word_1_310' title='bbox 530 3708 718 3800; x_wconf 88' lang='lat' dir='ltr'><strong>intrepidus.</strong></span> <span class='ocrx_word' id='word_1_311' title='bbox 749 3709 903 3779; x_wconf 87' lang='lat' dir='ltr'><strong>Verbera·</strong></span> <span class='ocrx_word' id='word_1_312' title='bbox 949 3712 1010 3778; x_wconf 86' lang='lat' dir='ltr'><strong>teis</strong></span> <span class='ocrx_word' id='word_1_313' title='bbox 1034 3710 1192 3802; x_wconf 88' lang='lat' dir='ltr'><strong>insepulta</strong></span> <span class='ocrx_word' id='word_1_314' title='bbox 1218 3710 1383 3801; x_wconf 85' lang='lat' dir='ltr'><strong>jacebuut.</strong></span> <span class='ocrx_word' id='word_1_315' title='bbox 1424 3711 1546 3779; x_wconf 86' lang='lat' dir='ltr'><strong>Dehinc</strong></span> 
     </span>
     <span class='ocr_line' id='line_1_35' title="bbox 304 3803 1545 3899; baseline -0.004 -25"><span class='ocrx_word' id='word_1_316' title='bbox 304 3806 348 3874; x_wconf 89' lang='lat' dir='ltr'><strong>vit</strong></span> <span class='ocrx_word' id='word_1_317' title='bbox 377 3815 544 3899; x_wconf 81' lang='lat' dir='ltr'><strong>tyrannos,</strong></span> <span class='ocrx_word' id='word_1_318' title='bbox 571 3804 743 3893; x_wconf 85' lang='lat' dir='ltr'><strong>sacrilegos</strong></span> <span class='ocrx_word' id='word_1_319' title='bbox 775 3803 903 3871; x_wconf 88' lang='lat' dir='ltr'><strong>interle-</strong></span> <span class='ocrx_word' id='word_1_320' title='bbox 950 3804 1091 3871; x_wconf 82' lang='lat' dir='ltr'><strong>suscitati</strong></span> <span class='ocrx_word' id='word_1_321' title='bbox 1115 3826 1134 3871; x_wconf 88' lang='lat' dir='ltr'><strong>a</strong></span> <span class='ocrx_word' id='word_1_322' title='bbox 1160 3805 1297 3873; x_wconf 88' lang='lat' dir='ltr'><strong>Domino</strong></span> <span class='ocrx_word' id='word_1_323' title='bbox 1320 3826 1454 3894; x_wconf 88' lang='lat' dir='ltr'><strong>regnum</strong></span> <span class='ocrx_word' id='word_1_324' title='bbox 1480 3809 1545 3870; x_wconf 78' lang='lat' dir='ltr'><strong>An-</strong></span> 
     </span>
     <span class='ocr_line' id='line_1_36' title="bbox 306 3896 1548 3989; baseline -0.002 -23"><span class='ocrx_word' id='word_1_325' title='bbox 306 3899 367 3977; x_wconf 89' lang='lat' dir='ltr'><strong>cit‚</strong></span> <span class='ocrx_word' id='word_1_326' title='bbox 405 3896 579 3989; x_wconf 89' lang='lat' dir='ltr'><strong>multisque</strong></span> <span class='ocrx_word' id='word_1_327' title='bbox 613 3897 710 3985; x_wconf 88' lang='lat' dir='ltr'><strong>signis</strong></span> <span class='ocrx_word' id='word_1_328' title='bbox 746 3898 900 3967; x_wconf 88' lang='lat' dir='ltr'><strong>virtutum</strong></span> <span class='ocrx_word' id='word_1_329' title='bbox 946 3897 1081 3965; x_wconf 89' lang='lat' dir='ltr'><strong>ticbristi</strong></span> <span class='ocrx_word' id='word_1_330' title='bbox 1104 3898 1197 3989; x_wconf 83' lang='lat' dir='ltr'><strong>plaga</strong></span> <span class='ocrx_word' id='word_1_331' title='bbox 1220 3920 1335 3989; x_wconf 86' lang='lat' dir='ltr'><strong>magna</strong></span> <span class='ocrx_word' id='word_1_332' title='bbox 1358 3900 1548 3989; x_wconf 87' lang='lat' dir='ltr'><strong>percutiant.</strong></span> 
     </span>
     <span class='ocr_line' id='line_1_37' title="bbox 308 3987 1663 4077; baseline -0.001 -18"><span class='ocrx_word' id='word_1_333' title='bbox 308 3990 439 4073; x_wconf 80' lang='lat' dir='ltr'><strong>effulsit,</strong></span> <span class='ocrx_word' id='word_1_334' title='bbox 467 3991 593 4062; x_wconf 88' lang='lat' dir='ltr'><strong>triennii</strong></span> <span class='ocrx_word' id='word_1_335' title='bbox 616 3990 756 4059; x_wconf 86' lang='lat' dir='ltr'><strong>siccitate</strong></span> <span class='ocrx_word' id='word_1_336' title='bbox 790 3989 906 4077; x_wconf 83' lang='lat' dir='ltr'><strong>clausit</strong></span> <span class='ocrx_word' id='word_1_337' title='bbox 952 3987 1131 4059; x_wconf 87' lang='lat' dir='ltr'><strong>Post-baec</strong></span> <span class='ocrx_word' id='word_1_338' title='bbox 1170 3992 1274 4061; x_wconf 88' lang='lat' dir='ltr'><strong>veniet</strong></span> <span class='ocrx_word' id='word_1_339' title='bbox 1315 3987 1480 4071; x_wconf 83' lang='lat' dir='ltr'><strong>Dominus,</strong></span> <span class='ocrx_word' id='word_1_340' title='bbox 1515 4000 1548 4058; x_wconf 86' lang='lat' dir='ltr'><strong>et</strong></span> <span class='ocrx_word' id='word_1_341' title='bbox 1662 4029 1663 4048; x_wconf 33' lang='grc' dir='ltr'><strong>κ</strong></span> 
     </span>
     <span class='ocr_line' id='line_1_38' title="bbox 307 4080 1550 4171; baseline 0.001 -22"><span class='ocrx_word' id='word_1_342' title='bbox 307 4082 471 4153; x_wconf 85' lang='lat' dir='ltr'><strong>imbribus</strong></span> <span class='ocrx_word' id='word_1_343' title='bbox 489 4084 628 4157; x_wconf 88' lang='lat' dir='ltr'><strong>eoelum.</strong></span> <span class='ocrx_word' id='word_1_344' title='bbox 646 4083 757 4151; x_wconf 89' lang='lat' dir='ltr'><strong>Oravit</strong></span> <span class='ocrx_word' id='word_1_345' title='bbox 772 4104 912 4167; x_wconf 88' lang='lat' dir='ltr'><strong>rursum,</strong></span> <span class='ocrx_word' id='word_1_346' title='bbox 962 4080 1132 4153; x_wconf 86' lang='lat' dir='ltr'><strong>interficiet</strong></span> <span class='ocrx_word' id='word_1_347' title='bbox 1172 4084 1402 4152; x_wconf 82' lang='lat' dir='ltr'><strong>Antichristum</strong></span> <span class='ocrx_word' id='word_1_348' title='bbox 1441 4081 1550 4171; x_wconf 89' lang='lat' dir='ltr'><strong>gladio</strong></span> 
     </span>
     <span class='ocr_line' id='line_1_39' title="bbox 307 4174 1552 4269; baseline 0.002 -26"><span class='ocrx_word' id='word_1_349' title='bbox 307 4185 339 4243; x_wconf 88' lang='lat' dir='ltr'><strong>et</strong></span> <span class='ocrx_word' id='word_1_350' title='bbox 363 4176 490 4246; x_wconf 87' lang='lat' dir='ltr'><strong>coelum</strong></span> <span class='ocrx_word' id='word_1_351' title='bbox 521 4174 621 4248; x_wconf 85' lang='lat' dir='ltr'><strong>dedit</strong></span> <span class='ocrx_word' id='word_1_352' title='bbox 659 4176 796 4269; x_wconf 85' lang='lat' dir='ltr'><strong>pluvias.</strong></span> <span class='ocrx_word' id='word_1_353' title='bbox 820 4176 905 4243; x_wconf 88' lang='lat' dir='ltr'><strong>llor-</strong></span> <span class='ocrx_word' id='word_1_354' title='bbox 937 4178 1019 4245; x_wconf 81' lang='lat' dir='ltr'><strong>oris</strong></span> <span class='ocrx_word' id='word_1_355' title='bbox 1035 4180 1108 4261; x_wconf 87' lang='lat' dir='ltr'><strong>-sui,</strong></span> <span class='ocrx_word' id='word_1_356' title='bbox 1130 4189 1163 4247; x_wconf 82' lang='lat' dir='ltr'><strong>et</strong></span> <span class='ocrx_word' id='word_1_357' title='bbox 1177 4199 1244 4260; x_wconf 89' lang='lat' dir='ltr'><strong>eos;</strong></span> <span class='ocrx_word' id='word_1_358' title='bbox 1261 4179 1317 4269; x_wconf 89' lang='lat' dir='ltr'><strong>qui</strong></span> <span class='ocrx_word' id='word_1_359' title='bbox 1333 4174 1552 4258; x_wconf 87' lang='lat' dir='ltr'><strong>adoraverunt</strong></span> 
     </span>
     <span class='ocr_line' id='line_1_40' title="bbox 306 4269 1551 4366; baseline 0.002 -28"><span class='ocrx_word' id='word_1_360' title='bbox 306 4277 398 4338; x_wconf 88' lang='lat' dir='ltr'><strong>tuum</strong></span> <span class='ocrx_word' id='word_1_361' title='bbox 423 4271 565 4343; x_wconf 86' lang='lat' dir='ltr'><strong>mulieris</strong></span> <span class='ocrx_word' id='word_1_362' title='bbox 589 4270 691 4341; x_wconf 85' lang='lat' dir='ltr'><strong>lilium</strong></span> <span class='ocrx_word' id='word_1_363' title='bbox 726 4270 901 4343; x_wconf 84' lang='lat' dir='ltr'><strong>suscitavit.</strong></span> <span class='ocrx_word' id='word_1_364' title='bbox 931 4284 1039 4356; x_wconf 60' lang='grc' dir='ltr'><strong>απ,</strong></span> <span class='ocrx_word' id='word_1_365' title='bbox 1056 4281 1095 4344; x_wconf 83' lang='lat' dir='ltr'><strong>et</strong></span> <span class='ocrx_word' id='word_1_366' title='bbox 1117 4270 1265 4366; x_wconf 85' lang='lat' dir='ltr'><strong>reguabit</strong></span> <span class='ocrx_word' id='word_1_367' title='bbox 1284 4269 1446 4342; x_wconf 67' lang='lat' dir='ltr'><strong>comba</strong></span> <span class='ocrx_word' id='word_1_368' title='bbox 1474 4288 1551 4341; x_wconf 83' lang='lat' dir='ltr'><strong>cum</strong></span> 
     </span>
    </p>
   </div>
   <div class='ocr_carea' id='block_1_3' title="bbox 0 0 1802 5034">
    <p class='ocr_par' dir='ltr' id='par_1_3' title="bbox 0 0 1802 5034">
     <span class='ocr_line' id='line_1_41' title="bbox 0 0 1802 5034; baseline 0 0"><span class='ocrx_word' id='word_1_369' title='bbox 0 0 1802 5034; x_wconf 95' lang='lat' dir='ltr'><strong> </strong></span> 
     </span>
    </p>
   </div>
  </div>
 </body>
</html>
