3584 5034
330 600 374 667 ll
393 661 396 665 .
781 597 908 669 FES'lh
924 602 1091 671 nruttts

325 708 492 803 perduxit>
506 729 544 777 ac
568 710 656 781 tertia
678 720 750 802 post
773 709 826 779 die
856 732 908 780 sa·
953 712 1058 794 vivus,
1081 712 1288 805 vegetiorque
1302 720 1459 805 repertus,
1472 714 1543 802 jus-

327 824 384 871 cro
408 802 603 895 baptismatis
637 802 724 872 iontc
763 803 909 894 expiavit.
955 828 995 873 su
1020 805 1185 889 Praesidis,
1211 805 1342 899 flagellis
1357 804 1541 875 crudelissi-

325 896 489 988 'lemplum
512 895 627 966 deinde
642 898 736 987 -juxta
760 898 919 990 Palatiani⁴
956 920 1157 980 mecaesus,
1180 898 1316 969 flammis
1325 898 1373 967 ad
1388 896 1487 967 latera
1508 920 1543 967 a·

312 988 431 1070 aedes,
454 988 528 1059 inde
551 990 655 1057 ablata
680 991 777 1082 prius',
793 992 911 1058 contri·
956 990 1096 1071 dustus,
1139 993 1301 1083 variisque
1340 990 1454 1061 deiude
1478 1001 1544 1062 tor-

323 1092 420 1171 taque
444 1078 833 1163 ldoloruinffmultitudiue
854 1106 909 1151 va·
957 1096 1135 1153 mentorum
1159 1086 1346 1175 generibus
1400 1084 1542 1167 allectus,

209 1252 210 1255 Ἴ
325 1194 361 1242 ro
387 1176 495 1243 Deoiu
522 1176 674 1245 honorem
698 1176 833 1265 Magistri
857 1178 907 1243 sui
954 1180 1073 1246 sistitur
1101 1178 1213 1248 ludici
1239 1180 1269 1245 in
1303 1176 1542 1269 Amphitheatro

322 1268 404 1334 Petri
441 1272 649 1351 consecravit
686 1268 774 1359 quod
798 1269 907 1337 etiam·
952 1271 1095 1352 sedenti,
1130 1294 1168 1341 ac
1192 1282 1265 1364 post
1298 1271 1481 1339 diuturnam
1504 1269 1546 1339 de

322 1384 399 1427 num
424 1374 543 1459 perstat
558 1366 708 1431 eximium
725 1365 845 1453 primae
862 1368 903 1427 Α·
950 1368 1049 1453 love,
1067 1365 1211 1457 *aliisque
1245 1365 1337 1433 falsis
1371 1364 1543 1433 Gentilium
1667 1375 1668 1432 l

325 1456 493 1523 tinensium
517 1457 640 1551 pietatis
657 1466 908 1537 monumentum,
959 1457 1176 1540 Numinibus,
1201 1457 1296 1526 etde
1334 1477 1411 1526 vero
1435 1454 1544 1523 Mundi

235 1554 254 1601 Ἰ
322 1550 355 1612 iu
379 1569 445 1638 quo
470 1551 502 1617 S.
525 1552 663 1617 Antistes
687 1560 806 1641 septem
832 1569 908 1616 con·
957 1550 1080 1641 Opifice
1117 1551 1255 1619 habitam
1289 1550 1544 1643 disputationem,

323 1643 425 1709 stituit
449 1640 684 1735 Praesbyteros‚
713 1641 908 1732 totidemque
955 1664 1028 1709 cum
1048 1644 1123 1711 nibil
1142 1646 1376 1736 espiscopus,
1395 1664 1545 1733 necpro·

324 1734 506 1817 Diaconos,
532 1738 590 1825 qui
630 1736 726 1803 Sacra
760 1734 907 1825 iacerent.
954 1738 1070 1817 missis,
1095 1758 1154 1803 nec
1181 1738 1337 1802 minarum
1367 1736 1543 1825 asperitati-

271 1844 275 1858 *
322 1825 405 1917 lpse.
418 1848 496 1896 varo
521 1828 691 1897 Gentilium
709 1828 908 1899 conversioni
955 1827 1017 1895 bus
1041 1828 1177 1910 cederet,
1204 1828 1327 1918 prolata
1351 1830 1381 1894 in
1397 1848 1471 1895 eum
1489 1848 1543 1893 ca-

324 1930 409 1987 totus
433 1919 633 2004 incumbens,
658 1920 744 1990 brevi
756 1921 908 2010 temporis
955 1921 1041 2012 pitali
1078 1923 1260 2006 sententia,
1299 1930 1388 1989 extra
1427 1918 1541 1985 urbem

322 2014 427 2103 spatio
449 2013 693 2106 praedicatione,
717 2023 749 2082 et
774 2014 911 2079 miracu·
957 2036 1014 2103 per
1036 2036 1123 2093 saxa,
1147 2014 1364 2105 scopulosque
1387 2021 1539 2102 raptatus,

323 2104 362 2173 lis
386 2106 451 2174 iere
485 2106 748 2197 quinquemillia
783 2106 909 2172 Civium
956 2106 1193 2175 duobusclavis
1211 2104 1540 2199 portampora,lroo‚·

323 2200 487 2281 convertit,
502 2220 539 2266 ac
551 2198 728 2289 baptizavit,
745 2218 828 2287 quos
844 2195 905 2278 die,
952 2209 1082 2291 temque
1104 2198 1285 2279 transfixus,
1296 2201 1400 2290 capite
1413 2196 1541 2265 taudem

323 2301 486 2382 noctuque
509 2291 615 2359 diviua
639 2290 908 2381 votepcrsolvens
956 2303 1133 2375 truncatae,
1161 2295 1301 2387 llartyrii
1322 2312 1443 2361 corona
1473 2290 1541 2357 lau·

322 2386 355 2449 in
379 2384 515 2451 Domino
539 2382 746 2451 confortabat.
960 2399 1089 2469 reatus,
1112 2388 1286 2476 gloriosum
1325 2384 1542 2475 vitae‘trium-

329 2528 334 2541 -.
370 2478 402 2550 ll.
427 2477 588 2556 inservis
611 2476 821 2545 suis-annet
846 2478 908 2547 Dc·
954 2478 1053 2571 pbum
1077 2480 1276 2547 consumavit
1298 2478 1350 2543 IV.
1368 2477 1435 2543 llal.
1460 2476 1541 2564 llaji.

324 2569 477 2638 siderium
502 2580 563 2640 etc.
788 2614 791 2619 -
955 2574 1086 2639 Sacrum
1100 2572 1224 2662 Corpus
1240 2569 1374 2637 canibus
1385 2567 1543 2637 devoran-

546 2667 626 2733 Lect.
650 2684 690 2731 vr.
957 2662 1034 2729 dum
1060 2664 1213 2743 relictum,
1239 2660 1541 2741 aClero·Atineusi,

324 2702 405 2826 Re
428 2757 554 2829 taudem
570 2756 610 2824 eil
629 2758 794 2825 Maximum
813 2758 909 2835 totius
955 2758 1092 2845 ejusque
1115 2755 1285 2847 Discipulis
1311 2752 1486 2822 honorifice
1509 2756 1543 2820 in

325 2850 513 2940 Campaniae
537 2848 716 2919 Praesidem
739 2849 852 2933 delata,
876 2854 910 2918 iu
957 2848 1334 2940 Suburbanosepultum,
1350 2847 1460 2916 multis
1478 2846 1543 2914 cla·
1667 2845 1668 2912 l

325 2952 459 3009 cunctos
485 2942 620 3021 fideles,
648 2945 703 3031 qni
731 2954 820 3011 erant
844 2946 910 3014 ati·
956 2946 1032 3023 ruit,
1048 2952 1080 3011 at
1091 2964 1195 3033 usque
1208 2944 1237 3009 in
1249 2951 1448 3032 praesentem
1459 2939 1544 3008 diem

322 3057 394 3114 nae,
419 3036 539 3123 ingens,
555 3054 715 3121 saevaque
731 3042 913 3124 persecutio
959 3046 1106 3105 coruscat
1129 3035 1298 3103 iliraculis.

323 3128 453 3197 excitari
478 3126 590 3217 coepit.
614 3124 652 3196 llt
676 3127 744 3217 ipse
772 3128 908 3211 Marcus,
1004 3132 1038 3203 tl.
1063 3128 1161 3197 Filiae
1196 3114 1371 3198 ierusalem
1409 3136 1468 3195 etc.
1496 3126 1546 3193 uel
1667 3213 1668 3224 ἵ

323 3219 530 3290 Sacerdotum
554 3217 717 3309 gentilium
736 3218 910 3307 instigatio·
957 3220 1043 3288 Stola
1067 3232 1127 3288 etc.
1189 3267 1192 3276 ·

322 3336 363 3382 na
380 3325 505 3405 captus,
517 3314 707 3404 vinctusque
718 3311 837 3380 sistitur
853 3315 910 3381 lu·
1060 3313 1103 3380 ΙΝ
1128 3313 1189 3379 lll.
1214 3311 1437 3380 noetoaNo

321 3405 394 3486 dici3
418 3408 481 3488 cui,
505 3428 581 3475 cum
604 3427 639 3477 se
662 3404 820 3497 profunde
844 3427 909 3475 non
1005 3405 1150 3475 Humilia
1171 3403 1208 3472 in
1230 3405 1350 3493 Eueno.
1374 3405 1441 3494 Ego
1472 3416 1548 3471 eu'm
1667 3395 1668 3398 '

321 3498 515 3581 inclinasset,
537 3520 574 3569 os
590 3502 680 3589 gravi
695 3520 803 3591 pugno
831 3519 909 3567 con·
958 3497 1029 3567 vitis
1054 3520 1156 3578 vera,
1180 3507 1212 3565 et
1236 3498 1327 3565 Pater
1366 3518 1458 3565 meus
1487 3508 1547 3565 otc.
1667 3525 1668 3578 j

291 3644 297 3670 .,
320 3591 475 3673 tunditur,
491 3593 682 3683 animusque
697 3590 824 3684 procaci
836 3592 915 3669 vul<
956 3603 1048 3663 aetra
1070 3604 1190 3681 omno
1209 3592 1320 3660 Posclr.
1337 3590 1369 3659 Si
1385 3592 1459 3682 quis
1475 3591 1550 3661 vult

320 3697 367 3769 tu,
392 3684 580 3777 acerbisque
604 3684 803 3753 contumeliis
831 3707 906 3753 exa·
953 3695 1027 3777 post
1049 3707 1101 3755 me
1125 3686 1156 3753 2.
1179 3684 1236 3755 loc.

322 3782 450 3871 giletur.
473 3780 554 3847 Cum
577 3787 683 3848 autem
699 3778 784 3845 Deos
802 3779 913 3848 inanes
1230 3814 1274 3828 -
1435 3820 1439 3827 ·

324 3897 360 3943 se
383 3883 608 3944 veneraturum
639 3880 821 3940 constanter
855 3893 911 3942 ne·
1165 3872 1263 3939 nott.
1288 3871 1346 3937 111.
1378 3913 1382 3919 ·

325 3978 424 4057 garet,
437 3966 585 4048 obscuro,
603 3967 830 4054 teterrimoque
842 3985 912 4033 car-
1121 4053 1125 4057 Α
1147 3978 1219 4055 post
1244 3965 1356 4033 Porci.

326 4082 400 4128 cere
423 4060 504 4129 lame
528 4057 690 4127 necandus
728 4057 911 4127 includitur.
1011 4061 1150 4129 Panos.
1173 4059 1204 4124 S.
1229 4058 1358 4124 lesura.
1382 4058 1490 4127 Srons.

328 4153 388 4219 llic
425 4174 501 4223 vero
541 4152 582 4221 ab
606 4150 728 4242 Angelo
755 4152 911 4233 visitatus,
1172 4151 1206 4217 B.
1230 4151 1269 4217 ll.
1294 4150 1330 4218 ll.

326 4242 514 4337 viribusque
538 4246 686 4329 relectus,
710 4245 844 4339 septimo
861 4243 914 4314 die
1075 4291 1080 4297 -
1130 4244 1212 4335 dupl.
1236 4244 1258 4313 2
1288 4243 1378 4313 closo.
