3584 5034
706 619 834 688 sustu
857 618 1085 696 DECEM-lillis
1442 617 1531 691 l83‘

277 738 415 820 quaele
438 729 724 820 tanquamturrim
738 751 775 799 ac
791 730 881 817 lun·¹
910 752 953 820 go
975 730 1081 814 Maria,
1105 751 1127 800 a
1148 731 1284 812 Domino
1307 732 1375 802 Deo
1399 735 1509 802 excel-

276 821 575 905 damentumhabet
590 823 739 891 victoriae
754 823 865 890 trium·
910 844 949 892 so
970 845 1052 914 prae,
1071 825 1220 896 omnibus
1243 825 1429 898 mulieribus
1451 849 1507 896 su·

269 917 347 1007 .phis
386 929 564 996 coronato,
604 927 636 984 ct
684 915 866 983 fortitudine
914 939 973 1008 per
999 927 1121 986 terram.
1244 987 1247 992 ,

196 1003 201 1008 ’
274 1011 528 1097 circumcingens
553 1007 713 1078 custodito
737 1012 794 1076 Dei
812 1010 868 1080 ha·
962 1010 1086 1099 Ante'pl.
1111 1009 1211 1082 Trahe
1236 1031 1294 1082 nos
1318 1011 1414 1101 Virgo
1450 1013 1509 1080 im·

273 1101 467 1180 bitationem,
491 1103 598 1193 templi
615 1102 763 1170 decorem
779 1125 863 1171 sem·
910 1103 1092 1187 maculata,
1119 1115 1247 1195 postte
1283 1127 1449 1176 curremus
1473 1108 1508 1174 in

270 1217 331 1286 per
353 1207 552 1277 conservato
577 1194 760 1264 laudatores
794 1206 866 1264 tuos
916 1194 1049 1266 odorem
1072 1209 1309 1285 unguentorum
1334 1210 1473 1268 tuorum.

271 1287 313 1354 ab
338 1289 423 1354 omni
447 1286 628 1364 discrimine
643 1296 675 1355 et
691 1289 785 1355 animi
811 1311 868 1355 an·
906 1307 926 1351 .’
1075 1290 1178 1380 napis.
1270 1295 1364 1362 Pron
1393 1294 1424 1358 8.

272 1401 350 1468 gore
373 1382 485 1462 exime3
517 1382 647 1473 captiris
679 1381 869 1472 redemptio-
906 1335 1102 1451 Dominus
1125 1383 1269 1476 possedit
1292 1407 1343 1454 me
1359 1389 1392 1452 in
1415 1384 1506 1455 initio

201 1512 204 1517 ·
268 1496 342 1542 nem
366 1472 505 1554 tribuit03
523 1475 696 1565 peregrinis
718 1483 812 1555 lecto
829 1484 861 1543 et
907 1475 1030 1567 viarum
1055 1497 1197 1558 suarum,
1220 1489 1390 1569 antequam
1414 1475 1507 1570 quid-

269 1567 386 1655 quovis
411 1569 569 1656 praesidio
592 1568 763 1648 destitutis,
781 1568 864 1634 sola·
913 1591 1010 1658 quam
1035 1570 1186 1638 lacerata
1202 1572 1365 1662 principio.
1383 1569 1432 1640 Ab
1455 1591 1509 1639 ee·

268 1681 342 1727 men
367 1654 402 1728 te⁴
422 1660 546 1728 exhibe,
571 1662 728 1730 Universo
745 1660 866 1730 mundo
916 1672 1007 1731 terno
1030 1663 1173 1731 ordinata
1195 1685 1278 1746 snm,
1303 1674 1334 1732 et
1361 1686 1400 1734 ex
1425 1666 1506 1730 anti·

268 1752 499 1820 auxiliatricem
523 1775 653 1821 manum
678 1764 764 1820 tuam
788 1775 863 1844 por·
911 1755 984 1846 quis
1007 1765 1177 1846 antequem
1202 1769 1285 1826 terra
1307 1757 1507 1829 fieretNon·

270 1847 347 1933 rige,
371 1855 408 1912 ut
431 1847 463 1914 in
486 1847 604 1914 laetitia
620 1857 652 1915 el
673 1847 865 1914 exultatione
913 1847 990 1934 dum
1033 1859 1122 1916 erant
1161 1847 1267 1942 abyssi
1291 1861 1323 1919 et
1346 1871 1407 1940 ego
1440 1851 1508 1940 jem

271 1939 484 2006 solemnitates
508 1950 579 2008 tuas
591 1939 686 2006 simul
704 1959 777 2020 curn
796 1941 865 2020 ista,
913 1951 1067 2032 concepta
1090 1963 1187 2010 eram.

242 2053 370 2121 *quarn
394 2031 491 2100 modo
507 2033 715 2111 celebramus
742 2033 859 2109 festivi
935 2079 938 2084 -
1109 2039 1274 2126 nymnos

273 2134 337 2190 tate
359 2122 615 2214 splendidissimo
638 2127 722 2194 exitu
751 2127 863 2193 transi·
900 2147 902 2152 ’
957 2126 986 2194 0
1010 2125 1146 2216 gloriosa
1170 2130 1340 2218 virginum,
1363 2137 1422 2198 etc.

247 2238 398 2306 ,gamus
423 2217 454 2281 in
478 2216 602 2284 Christo
627 2220 701 2284 lesu
743 2221 870 2298 univer·
963 2225 995 2290 ri.
1019 2221 1224 2290 Immaculata
1247 2222 1420 2314 Conceptio
1459 2230 1508 2304 est

141 2366 150 2374 .
276 2328 389 2378 sorum·
414 2310 496 2396 Rege
512 2331 550 2376 ac
567 2312 642 2377 vero
667 2312 864 2391 Deonostro‚
912 2309 1008 2380 hodie
1032 2315 1167 2383 Sanctae
1191 2317 1306 2384 Mariae
1329 2316 1476 2404 Virginis.

273 2403 326 2471 cui
351 2403 450 2488 gloria
472 2411 504 2468 et
528 2402 679 2481 fortitudo
704 2423 868 2472 unacum
962 2403 1107 2486 rt'Quae
1130 2408 1284 2499 serpentis
1306 2418 1404 2502 caput
1443 2407 1506 2476 vir-

274 2498 389 2563 Sancto
415 2496 562 2585 vitaeque
584 2499 743 2587 principio
765 2498 866 2576 Patre,
916 2497 1008 2585 gineo
1032 2498 1113 2588 pede
1136 2502 1289 2568 contrivit.

273 2601 306 2659 et
328 2599 496 2656 coaeterno
537 2599 569 2656 el
607 2589 866 2658 consubstantiali
960 2592 1009 2659 Ac
1033 2592 1219 2660 Benedictus
1236 2592 1360 2682 Antiplr.
1376 2594 1428 2661 Ait
1443 2593 1507 2661 Do·

273 2693 306 2750 et
328 2677 692 2772 conregnante'Spiritu,
724 2702 810 2750 nuuc
835 2691 867 2750 et
914 2683 1019 2751 minus
1043 2684 1131 2752 Deus
1153 2683 1192 2750 ad
1219 2695 1407 2776 serpentem:
1447 2685 1507 2752 ini-

275 2796 419 2864 semper,
444 2786 475 2842 et
498 2776 531 2842 in
568 2769 697 2844 saecula
722 2774 868 2846 saeculo·
916 2776 1046 2845 micitias
1069 2798 1186 2867 ponam
1211 2778 1291 2854 inter
1314 2788 1346 2846 te
1369 2787 1401 2846 et
1435 2801 1506 2848 mu·
1608 2833 1611 2840 .

276 2889 359 2935 rum.
384 2872 495 2941 Arnon.
910 2869 1030 2950 lienem,
1054 2879 1208 2950 etsemen
1232 2882 1324 2948 tuum
1341 2881 1373 2941 et
1396 2891 1505 2940 semen

325 2962 504 3028 Te‘Denm.
713 3031 717 3037 ,
915 2960 1007 3030 illins:
1032 2963 1100 3054 ipsa
1124 2975 1267 3042 conteret
1288 2974 1386 3068 caput
1403 2975 1503 3036 tunm.

350 3127 354 3134 ,
453 3056 508 3121 ΑΙ)
533 3056 690 3126 Ltuuus
914 3054 1057 3145 Alleluja.
1239 3053 1242 3062 '
1368 3053 1371 3058 ’

454 3159 483 3215 et
502 3171 562 3237 per
591 3153 694 3218 Horas
1048 3211 1050 3220 l
1155 3150 1265 3223 Oratio

256 3288 260 3296 ·
318 3239 444 3330 Antipln
468 3241 546 3314 Tota
571 3241 705 3334 pulchre
728 3262 764 3308 es
799 3241 866 3310 lla·
914 3193 1046 3324 Deus,
1075 3244 1131 3332 qui
1171 3265 1229 3334 per
1267 3243 1506 3342 immaculatam

273 3333 343 3415 ria,
367 3344 400 3402 et
437 3334 563 3401 macula
603 3335 775 3425 Originalis
797 3356 864 3413 non
912 3335 1046 3424 Virginis
1087 3337 1332 3428 conceptionem
1374 3337 1507 3425 dignum

274 3437 323 3493 est
345 3428 377 3493 in
402 3436 442 3494 te.
636 3486 638 3490 .
908 3429 988 3494 Filio
1012 3426 1508 3523 tuohabitaculumpraepnrasti3

320 3520 439 3586 Psolm.
456 3520 612 3589 Dominus
627 3514 778 3610 regnavit.
796 3543 867 3589 cum
900 3543 1122 3610 ,quaesomus
1147 3533 1183 3589 nt
1207 3527 1262 3614 qni
1287 3547 1326 3593 ex
1350 3535 1450 3592 morte
1475 3543 1509 3590 e·
1538 3537 1541 3552 ·

272 3610 403 3698 reliques
429 3614 466 3680 ‹le
490 3613 668 3688 Domim'co.
911 3612 1041 3703 jusdem
1063 3616 1131 3682 Filii
1149 3618 1195 3684 tui
1212 3619 1367 3708 praevisa,
1380 3638 1450 3684 eam
1466 3614 1507 3681 ab

319 3702 443 3792 Antiph.
455 3705 682 3793 vestimentum
691 3716 782 3773 tuum
790 3727 865 3774 can—
913 3709 1000 3774 omni
1018 3709 1047 3778 la
1056 3707 1098 3778 be
1114 3713 1334 3800 praeservasti,
1351 3730 1410 3776 nos
1426 3728 1508 3796 quo·

272 3793 384 3862 didnrn
407 3798 499 3885 quasi
524 3801 603 3879 nix,
627 3809 660 3866 et
684 3800 781 3866 lacios
809 3811 863 3867 tua
910 3811 984 3890 que,
1019 3801 1160 3878 mundos
1198 3805 1267 3893 ejus
1307 3800 1507 3870 intercessio·

275 3888 360 3956 sicut
383 3889 441 3955 sol.
916 3915 957 3959 ne
994 3893 1035 3960 ad
1078 3903 1110 3962 te
1133 3897 1299 3984 pervenire
1338 3891 1506 3965 concedas.

319 3982 447 4070 Antiplr.
471 3983 518 4050 Tu
542 3983 643 4072 gloria
679 3985 863 4064 Jerusalem,
912 3986 972 4052 Per
995 3984 1143 4055 eumdem
1160 3988 1340 4056 Dominum.

169 4090 171 4095 '
271 4085 308 4146 tu
331 4075 447 4143 laetitia
469 4078 576 4159 lsrael,
602 4090 637 4147 tn
653 4076 865 4147 honorificen—
990 4139 992 4146 ,
1088 4079 1139 4148 Ad
1170 4079 1326 4150 Primam.
1388 4151 1390 4156 s

158 4207 162 4218 ·
276 4170 318 4237 tia
341 4171 452 4260 populi
476 4171 584 4239 nostri.
893 4227 898 4234 .
961 4172 998 4238 In
1022 4176 1054 4252 tl.
1077 4171 1298 4242 breviaretur
1322 4172 1425 4255 loni
1450 4193 1506 4240 na-

320 4264 445 4356 Antr'plr.
469 4263 638 4340 Benedicta
667 4275 770 4348 estu,
795 4264 863 4333 l’ir·
909 4274 961 4332 tus
984 4287 1019 4332 es
1044 4263 1084 4334 do
1107 4260 1207 4334 Maria
1230 4268 1381 4362 Virgine,
1408 4265 1504 4339 etiem

911 4379 972 4446 per
997 4369 1091 4430 totam
1116 4361 1270 4434 Octoum
