3584 5034
541 270 560 272 -v
571 268 692 277 ---vv··-
745 268 767 279 Ἴι·
795 268 1165 292 *ww-”w
1193 268 1227 281 w·
1236 268 1441 292 W
1452 278 1457 287 ,
1466 268 1492 301 w·
1502 268 1665 286 r-J-u-—r

712 676 1039 747 FESTA‘AUGUSTI
1353 764 1357 769 ³
1424 676 1487 743 tet

264 788 407 857 Pontifex
429 786 592 871 Maximus,
617 797 655 856 ut
675 787 745 877 ejus
781 782 867 857 ‘dies‘
899 790 999 877 major
1009 785 1138 855 omnino
1149 806 1215 854 non
1225 796 1332 877 potest
1345 775 1486 855 inveniri:

263 882 363 950 festus
385 882 423 949 iis
442 877 479 947 ln
503 882 591 964 locis,
618 884 650 949 in
667 880 786 971 quibus
802 882 851 949 lo·
898 882 954 949 sed
980 882 1056 971 quia
1080 883 1195 947 nonin
1219 879 1368 947 omnibus
1385 879 1489 969 perle-

265 988 336 1043 rent
358 975 516 1042 Ecclesiae
540 977 640 1042 sancti
666 974 763 1051 lloebi
798 996 856 1042 no·
904 986 1035 1055 maest,
1060 987 1092 1043 ιι
1113 975 1283 1066 desperare
1308 993 1371 1038 non
1395 972 1490 1040 debet

171 1092 173 1097 ·
264 1068 348 1136 mine
374 1070 439 1135 Deo
463 1067 593 1149 dicatae,
610 1067 725 1135 Officio
743 1068 852 1137 Eccle·
898 1068 930 1135 in
955 1088 1021 1158 quo
1045 1069 1183 1158 perlecta
1216 1087 1278 1133 non
1295 1077 1352 1145 est,
1369 1068 1395 1131 si
1421 1066 1488 1153 jam

264 1161 391 1230 siastioo
415 1159 636 1241 celebraretur,
662 1159 800 1228 indulsit.
902 1174 973 1228 nata
989 1173 1037 1229 est
1054 1184 1137 1251 quae
1160 1159 1353 1252 perficiatur,
1380 1170 1412 1226 et
1428 1159 1490 1224 uti-

312 1258 344 1329 tl.
369 1254 544 1320 Honestum
569 1254 653 1321 lecit.
902 1276 966 1344 que
982 1255 1008 1319 si
1026 1267 1099 1321 nata
1114 1266 1172 1334 est,
1200 1251 1367 1320 nutrienda
1378 1262 1436 1331 est,
1460 1261 1493 1317 et

312 1346 528 1413 Ex'Traotatu
551 1348 651 1413 sancti
686 1345 853 1435 Augustini
902 1348 1095 1437 quibusdam
1129 1350 1196 1415 suis
1220 1346 1418 1413 nutrimentis
1449 1342 1491 1410 ad

265 1438 411 1529 Episcopi
437 1440 469 1504 in
495 1440 666 1529 Epistulam
691 1440 829 1507 loannis.
899 1442 1126 1531 perfectionem
1177 1441 1335 1531 propriam
1372 1434 1491 1529 perdu-

345 1536 447 1600 Trocl.
460 1534 487 1597 5.
513 1531 548 1598 ιἰι
571 1555 637 1621 cap.
663 1534 692 1600 3.
902 1534 1012 1601 cende.
1025 1534 1248 1615 Quaesivimus
1260 1531 1493 1598 inchoationem

450 1621 452 1629 ’
480 1636 481 1644 ’
513 1627 595 1693 Lect.
621 1646 649 1691 v.
905 1628 1041 1693 caritatis
1077 1627 1163 1695 unde
1200 1628 1337 1716 incipit,
1377 1634 1409 1691 et
1448 1620 1492 1687 ibi

267 1672 449 1785 Perfecta·
468 1719 528 1785 ista
568 1722 683 1785 caritas
723 1729 781 1798 est,
822 1726 858 1783 ut
905 1722 1058 1786 continuo
1077 1720 1263 1787 invenimus:
1279 1720 1314 1785 Si
1337 1716 1413 1807 quis
1435 1715 1491 1782 ba·

264 1810 393 1903 palatus
409 1812 452 1878 sis
469 1810 548 1876 mori
565 1832 623 1901 pro
638 1812 747 1878 fratre.
768 1813 857 1877 Hanc
904 1810 958 1878 bet
989 1811 1152 1880 facultates
1180 1810 1301 1891 mundi,
1325 1822 1358 1878 et
1381 1808 1493 1877 viderit

264 1904 332 1995 ipse
349 1900 500 1970 Dominus
511 1905 543 1969 in
557 1924 591 1971 se
602 1904 721 1971 exibuit
733 1916 854 1972 mortn—
901 1904 1029 1971 lratrem
1041 1924 1136 1971 suum
1144 1900 1493 1991 egentem,etclauserit

263 2018 303 2063 us
327 2016 387 2086 pro
411 1996 572 2076 omnibus
597 2018 691 2065 orans
715 2019 775 2089 pro
797 1997 853 2076 ιίι,
904 1998 1027 2064 viscera
1051 2018 1110 2062 sua
1132 1997 1287 2063 adversus
1310 2017 1491 2085 eum,quo·

266 2087 857 2178 aquibuscruciligebatur‚etdicens:
905 2089 1002 2156 modo
1025 2089 1152 2157 dilectio
1179 2091 1278 2156 Patris
1317 2099 1424 2155 manet
1460 2088 1493 2153 iu

266 2182 367 2260 Pater,
380 2183 510 2269 ignosce
523 2182 592 2261 illis,
606 2185 687 2271 'quia
711 2185 857 2252 nesciunt
903 2182 958 2250 illo
981 2182 998 2249 ‘l
1024 2184 1106 2271 Ergo
1132 2182 1181 2250 hic
1205 2181 1314 2273 incipit
1335 2182 1399 2248 ista
1437 2200 1491 2247 ca·

266 2274 345 2364 quid
371 2274 500 2341 iaciunt:
529 2274 585 2343 sed
610 2276 635 2342 si
667 2276 755 2343 solus
794 2276 854 2343 hoc
903 2278 990 2355 ritas,
1016 2275 1136 2357 iratres,
1173 2289 1209 2343 ut
1248 2276 1289 2343 tle
1328 2274 1397 2342 suis
1435 2271 1491 2340 suss

266 2365 350 2447 tecit,
376 2386 440 2434 noo
453 2377 530 2435 erat
562 2370 717 2457 magister,
742 2369 767 2436 si
793 2367 857 2435 dis·
905 2368 1033 2458 perlluis
1050 2368 1167 2436 tribuat
1181 2370 1282 2457 egenti
1299 2370 1330 2434 in
1347 2368 1491 2457 angusti-

266 2460 390 2550 cipulos
423 2481 486 2527 non
527 2460 670 2529 babebat.
712 2463 744 2529 Si
784 2462 856 2552 quis
904 2461 931 2529 is
958 2462 1118 2552 aliquibus
1152 2463 1333 2541 constituto,
1372 2483 1412 2529 ιιι
1451 2482 1491 2527 eo

245 2552 384 2619 'tantam
418 2552 570 2623 'babuerit
605 2558 775 2637 caritatem,
818 2566 853 2621 ιιι
901 2556 989 2644 quod
1019 2556 1079 2622 sibi
1119 2553 1284 2633 abundat;·
1311 2554 1489 2623 secundum

266 2655 396 2736 paratus
420 2648 461 2712 sit
483 2668 543 2736 pro
568 2648 715 2717 iratribus
755 2651 847 2717 etiarn
895 2658 1065 2737 tempusa
1094 2631 1295 2714 tribulatione
1323 2647 1491 2736 temporati

269 2740 361 2818 mori,
386 2738 525 2827 perlecta
548 2752 596 2809 est
619 2744 650 2807 in
669 2742 722 2809 illo
737 2744 858 2808 caritas.
907 2740 1020 2809 liberet
1043 2740 1180 2807 lratrem:
1220 2738 1491 2807 hinccxordium

267 2830 329 2897 Sed
353 2832 509 2920 numquid
536 2854 619 2912 mox,
645 2846 681 2900 ut
705 2838 854 2914 nascitur,
902 2844 950 2901 est
972 2834 1117 2900 caritatis.
1141 2832 1230 2899 llanc
1254 2833 1296 2899 ita
1336 2842 1492 2922 coeptam,

262 2923 329 3011 jam
358 2926 488 3013 p’rorsus
523 2926 661 3016 perlecta
699 2928 774 2993 est?
814 2926 854 2995 lit
901 2927 927 2992 si
951 2924 1050 2993 verbo
1074 2927 1141 3007 Ilei,
1167 2937 1200 2992 et
1222 2948 1280 3016 spe
1305 2924 1429 2992 luturae
1446 2924 1494 2991 vi-

266 3014 460 3107 perficiatur,
484 3020 634 3099 nascitur,
659 3040 733 3087 cum
763 3020 859 3086 luerit
903 3030 954 3085 tae
977 3020 1134 3101 nutrieris,
1160 3018 1327 3109 pervenies
1349 3016 1390 3084 ad
1407 3017 1490 3084 illam

267 3120 349 3180 nata,
367 3112 516 3192 nutritor,
533 3131 606 3178 cum
617 3112 710 3179 luerit
722 3116 849 3192 nutrita,
898 3111 1123 3201 perlectionem
1171 3121 1207 3178 ut
1264 3123 1393 3204 paratus
1445 3114 1493 3178 sis

268 3200 850 3287 corroboratur‚cumlueritroborata,
888 3207 1036 3271 animam
1061 3217 1147 3273 tuam
1171 3226 1307 3297 ponere*
1332 3224 1391 3295 pro
1429 3202 1490 3270 lra·
1597 3239 1601 3248 ι

267 3294 439 3385 perficitur,
474 3318 548 3365 curn
574 3298 613 3363 ad
632 3300 855 3388 perlectionem
904 3296 1007 3365 tribus
1023 3300 1092 3366 tuis.

267 3392 398 3468 venerit,
425 3390 502 3479 quid
527 3392 605 3459 dicit
630 3392 736 3459 ‘illibi
754 3395 860 3461 vivere
956 3399 989 3473 n.
1012 3392 1076 3457 lste
1099 3390 1205 3457 borno.

268 3479 410 3549 Christus
441 3496 498 3565 est,
531 3486 580 3553 ιι
602 3487 682 3553 mori
708 3487 857 3553 lucrum:
905 3511 908 3515 ·
1019 3485 1063 3571 ΙΝ
1079 3485 1134 3573 lll.
1147 3483 1379 3551 NOCTURNO.

269 3573 417 3661 optabam
441 3575 582 3659 dissolvi,
606 3590 638 3648 et
675 3585 746 3648 esse
780 3574 855 3645 cum
890 3586 893 3593 ‘
950 3574 1093 3644 Homolio
1117 3576 1152 3645 in
1182 3575 1391 3666 Eoonpclium
1428 3576 1493 3641 No-

269 3664 403 3735 Cbristo.
429 3670 525 3738 llulto
549 3673 631 3739 enim
657 3676 757 3761 magis
773 3674 856 3762 opti·
901 3668 958 3738 lite
979 3672 1098 3739 timere.
1128 3688 1132 3700 ‘

269 3777 370 3839 mum,
398 3780 524 3830 manere
547 3766 579 3831 in
605 3784 859 3833 carnenecessa-
1180 3806 1224 3816 -

266 3852 352 3916 rium
378 3865 505 3943 propter
529 3878 595 3925 vos.
627 3861 760 3947 Propter
798 3877 855 3924 eos
1124 3856 1194 3922 DlE
1220 3857 1273 3922 20.

265 3942 393 4010 volebat
417 3946 533 4028 vivere,
562 3972 622 4042 pro
645 3952 765 4041 quibus
795 3971 852 4041 pa·
1024 3948 1055 4014 S.
1078 3948 1239 4015 Bnnnrnnr
1263 3947 1297 4013 C.
1322 3948 1359 4011 D.

264 4048 353 4103 ratus
380 4050 453 4103 erat
467 4042 554 4107 mori.
1150 4041 1244 4129 Dupl.

310 4132 342 4205 ιι.
368 4134 492 4200 Amavit
515 4155 598 4202 eum.
948 4136 1038 4201 Ome.
1063 4135 1100 4202 de
1124 4123 1233 4202 comm.
1261 4133 1296 4203 0.
1319 4155 1381 4200 non
1405 4134 1492 4204 Pont.

517 4229 599 4297 Lect.
626 4250 667 4297 vr.
894 4239 1022 4319 practer
1047 4224 1216 4315 sequentia.

265 4266 386 4385 Haec
423 4328 473 4387 est
512 4322 663 4415 perfectio
703 4321 849 4405 caritatis,
1004 4322 1042 4390 ln
1064 4318 1203 4411 orisque
1235 4317 1382 4412 Vespere's
