3584 5034
732 627 860 698 ruste
878 627 1081 700 ‚tenuetur
1504 626 1526 690 7

292 742 501 834 temporalis,
531 742 679 811 voluntas
717 739 916 809 divinitatis
1178 740 1260 809 leot.
1285 758 1328 806 rx.
1404 766 1408 772 ·
1455 807 1462 812 ,

292 847 428 904 aeterna.
453 834 608 902 Nonaiia
642 832 789 903 voluntas
829 834 888 901 Pa·
935 789 1112 922 Denique
1141 831 1192 899 ait:
1217 827 1393 921 percutiam
1417 838 1526 923 pasto·

293 930 348 994 tris
371 927 432 992 niia
457 927 534 992 Fiiii.
558 929 628 996 Una
652 926 736 993 enim
774 925 890 994 voiun-
937 951 1016 1006 rem,
1040 935 1073 992 et
1095 923 1316 1015 dispergentur
1355 944 1432 992 oves
1456 943 1527 1012 gre

292 1027 350 1098 tas,
378 1018 432 1084 ubi
457 1041 520 1085 una
544 1018 697 1086 divinitas.
724 1018 825 1086 Disce
842 1029 889 1084 ta-
936 1021 993 1108 gis.
1016 1017 1126 1082 Tristis
1150 1027 1227 1097 erat,
1254 1017 1413 1106 quia-uos
1453 1037 1528 1106 par·

294 1133 376 1177 man·
390 1112 458 1180 Deo
482 1132 553 1180 esse
567 1111 741 1199 subjectus,
760 1120 794 1176 ut
810 1130 885 1190 non,
933 1111 1028 1180 vuios
1043 1108 1252 1197 relinquebat.
1268 1109 1416 1176 Ceterum
1428 1128 1525 1196 quarn

294 1201 384 1290 quod
408 1203 476 1292 ipse
501 1204 557 1283 vis,
582 1203 689 1290 eligas,
716 1201 773 1269 sed
797 1201 887 1292 quod
934 1208 1117 1271 constanter
1155 1221 1190 1267 se
1230 1201 1324 1268 morti
1377 1198 1528 1267 obtulerit

291 1294 359 1365 Deo
382 1297 463 1360 scias
487 1317 557 1362 esse
580 1295 781 1385 placiturum.
932 1293 1160 1381 consequentia
1184 1290 1354 1360 declarant:
1379 1288 1527 1382 quando·

336 1391 368 1466 ri.
394 1386 472 1453 Veni
511 1387 541 1452 in
581 1385 778 1453 altitudinem
819 1405 887 1452 ma·
933 1386 1066 1476 quidem
1106 1382 1333 1473 quaerentibus
1375 1385 1524 1464 occurrit,
1591 1421 1599 1438 ·

289 1478 333 1546 ris
357 1475 378 1520 *
400 1479 445 1552 Et.
463 1487 633 1568 tempestas
656 1477 886 1558 demersitemo.
933 1477 1078 1547 turbatos
1115 1475 1341 1554 confirmavit,
1386 1473 1527 1564 trepidos

333 1577 364 1644 i.
388 1570 520 1638 Salvum
544 1591 595 1636 me
620 1569 883 1658 tenuemque·
930 1569 1126 1662 provocavit,
1140 1566 1337 1655 proditorem
1353 1567 1455 1633 osculi
1477 1565 1526 1643 di·

287 1663 371 1745 niam
395 1663 592 1730 intraverunt
614 1682 745 1750 aquae,
780 1681 885 1750 usque
932 1663 1080 1752 gnatione
1102 1662 1253 1752 suscepit.
1278 1660 1345 1726 Nec
1370 1657 1448 1725 iilud
1477 1657 1526 1723 di-

287 1753 329 1823 ad
351 1755 488 1822 animam
513 1776 626 1822 meam.
651 1755 696 1822 Et.
933 1766 996 1822 stat
1019 1777 1039 1820 a
1063 1773 1140 1821 vero
1164 1755 1191 1819 si
1226 1751 1321 1820 tristis
1359 1758 1427 1818 erat
1465 1770 1525 1840 pro

505 1849 587 1915 Lect.
610 1865 675 1913 rur.
933 1844 1193 1938 persecutoribus
1228 1845 1306 1923 suis,
1330 1861 1414 1932 quos
1444 1842 1526 1910 scie-

288 1891 439 2006 Deinde
461 1938 634 2016 verborum
651 1940 792 2029 ipsorum
807 1958 884 2028 pro·
932 1939 987 2005 bat
1026 1937 1172 2003 immanis
1211 1935 1366 2022 sacriiegii
1405 1952 1525 2024 poenas

284 2031 450 2120 prietatem
488 2031 737 2099 consideremus.
773 2032 881 2098 Tristis
928 2031 1070 2098 daturos.
1095 2030 1135 2095 Et
1157 2027 1246 2096 ideo·
1269 2027 1355 2094 dixit:
1390 2025 1526 2092 transfer

270 2132 345 2201 est,
371 2121 482 2210 inquit,
507 2124 611 2188 a'nima
634 2145 714 2190 mea.
738 2124 778 2189 Et
800 2123 884 2190 aiibi:
933 2124 1019 2190 buno
1043 2121 1218 2188 caiicema
1247 2140 1306 2186 me.
1341 2119 1413 2185 Nou
1448 2117 1526 2276 quia

287 2213 381 2280 Nunc
405 2212 508 2280 anima
524 2235 594 2281 mea
611 2214 734 2281 turbata
749 2225 798 2283 est
819 2216 885 2283 vai·
932 2218 1019 2283 Deus
1042 2214 1100 2282 Dei
1124 2214 1222 2283 Filius
1232 2221 1372 2283 ,mortem
1385 2209 1459 2277 time
1483 2218 1525 2294 aa

287 2303 337 2372 de.
361 2305 432 2371 Non
468 2326 545 2393 ergo
585 2307 787 2396 suscipiens,
827 2305 886 2374 sed
931 2306 988 2376 sed
1013 2308 1090 2397 quia
1113 2319 1173 2375 nec
1198 2295 1299 2374 malos
1313 2323 1374 2394 pro
1388 2322 1424 2371 so
1442 2303 1526 2393 pori·

286 2408 436 2486 suscepta
465 2397 619 2466 turbatur.
655 2399 768 2466 Anima
798 2401 883 2467 enim
930 2398 1130 2468 revolabat.
1426 2410 1430 2418 '

286 2487 424 2556 obnoxia
462 2492 687 2580 passionibuS‚
739 2490 884 2559 divinitas
980 2491 1024 2558 Te
1046 2493 1159 2559 Deum.

126 2623 162 2664 q.
286 2579 394 2648 libera.
429 2584 574 2672 Denique
609 2585 738 2674 spiritus
778 2603 888 2674 prom·
1014 2616 1015 2619 ¹
1105 2584 1161 2647 ΑΙ)
1200 2581 1360 2650 Laeuus

122 2710 126 2721 ·
185 2700 190 2707 ·
287 2681 384 2762 ptuS,
408 2693 483 2741 caro
508 2686 616 2743 autem
647 2675 780 2742 infirma.
823 2675 890 2742 Tri·
936 2684 1073 2833 venet
1091 2693 1152 2759 per·
1175 2673 1281 2737 Horas
1305 2668 1433 2758 Antipb.

288 2767 345 2830 stis
368 2776 476 2832 autem
500 2776 548 2852 est
572 2787 635 2833 non
662 2767 742 2856 ipse,
772 2765 829 2833 sed
857 2787 892 2831 a·
1041 2763 1064 2828 it
1079 2766 1172 2831 iesus
1189 2783 1264 2829 curu
1281 2759 1445 2851 discipulis
1457 2764 1529 2831 suis

289 2856 385 2920 nima.
409 2859 481 2922 Non
505 2867 554 2924 est
583 2857 679 2922 tristis
719 2857 881 2945 sapientia,
930 2858 964 2926 in
987 2855 1105 2936 viliam,
1130 2875 1215 2944 quae
1237 2853 1353 2922 dicitur
1392 2852 1525 2922 Getbso-

289 2965 355 3012 non
378 2945 493 3035 divina.
507 2945 694 3028 substantia,
734 2947 792 3015 sed
816 2948 883 3014 ani·
931 2949 1026 3030 mani,
1053 2960 1085 3017 et
1108 2948 1186 3014 dixit
1210 2944 1296 3014 iilisz'
1318 2945 1427 3014 sedete
1462 2947 1524 3029 hic,

247 3107 263 3130 4
287 3060 349 3114 rna.
365 3040 511 3131 Suscepit
526 3041 609 3107 enim
626 3040 762 3107 animam
780 3053 883 3122 suam3
931 3041 1035 3110 donec
1058 3040 1184 3110 vadam
1199 3040 1286 3120 illuc,
1310 3049 1342 3106 et
1365 3059 1462 3106 orem.

288 3131 430 3221 suscepit
452 3152 572 3222 corpus
595 3155 711 3200 meum.
737 3135 809 3200 Non
832 3154 883 3199 me
957 3135 1066 3202 fPsci.
1089 3136 1245 3203 Dominus
1268 3131 1430 3220 regnavit·
1453 3153 1525 3199 cum

288 3223 405 3303 fefellit,
432 3235 467 3291 ut
489 3224 576 3291 aliud
620 3237 715 3306 esset,
740 3236 774 3292 et
797 3223 882 3293 aliud
933 3226 1128 3315 reliquistis
1152 3222 1330 3292 Dominicis.

287 3313 456 3384 videretur.
498 3317 609 3384 Tristis
650 3317 829 3397 videbatur,
854 3326 886 3383 et
979 3307 1114 3406 debeb)
1128 3318 1167 3382 Et
1189 3325 1355 3404 assumpto
1370 3315 1475 3397 Petro,
1491 3325 1526 3383 et

289 3408 394 3489 tristis,
418 3418 496 3491 erat,
520 3430 585 3479 uon
608 3428 667 3499 pro
685 3410 881 3499 suapassio«
933 3407 1179 3499 duobut‘'fiiiis
1216 3407 1379 3489 Zebedaei,
1419 3410 1524 3499 coepit

288 3501 419 3580 ne‚·sed
444 3522 503 3592 pro
528 3511 636 3568 nostra
660 3501 864 3592 dispersione.
897 3503 1118 3587 ‚contriqari
1143 3513 1176 3568 et
1200 3511 1341 3571 moestus
1361 3497 1445 3568 esse.

334 3599 366 3671 ri.
394 3595 504 3684 ‚Intret
543 3595 575 3661 in
615 3587 789 3683 c'onspectu
825 3603 883 3660 tuo
978 3594 1103 3683 Antipb
1133 3595 1222 3661 Tunc
1245 3595 1288 3661 ait
1311 3594 1396 3657 iliis:
1426 3590 1522 3658 tristis

289 3683 389 3748 oratio
408 3707 478 3752 mea
495 3684 516 3730 *
535 3686 656 3756 Iucliua
675 3707 785 3754 aurem
802 3693 889 3753 tua'm
938 3698 986 3754 cst
1008 3690 1196 3754 animamea
1208 3683 1362 3774 usquead
1375 3693 1522 3764 mortem,

288 3771 331 3842 ad
354 3795 482 3865 precem
507 3799 623 3848 meam.
781 3839 785 3847 ,
932 3775 1162 3858 sustinetebic,
1185 3788 1217 3844 et
1240 3774 1364 3864 vigilate
1383 3794 1520 3842 mecum.

333 3863 362 3932 i.
387 3867 470 3946 Quia
493 3869 611 3960 repleta
634 3880 682 3938 est
706 3869 796 3937 malis
812 3870 878 3938 a'ni-
975 3870 1098 3959 Antipb.
1115 3871 1153 3936 Et
1169 3885 1357 3959 progressus
1368 3865 1522 3953 pusillum

285 3979 444 4040 mamea,
487 3973 523 4029 et¹
558 3963 621 4032 vita
660 3983 731 4031 mea
756 3958 878 4030 inferno
928 3960 1066 4052 procidit
1089 3963 1120 4028 in
1152 3961 1266 4028 faciem
1290 3977 1382 4024 suam
1413 3977 1520 4040 orans,

285 4052 561 4144 appropinquavit.
601 4054 730 4124 inclina.
771 4055 879 4126 Gloria
926 4064 958 4122 ot
982 4053 1101 4122 dicens:
1126 4054 1217 4120 Pater
1241 4051 1294 4131 mi,
1318 4049 1345 4116 si
1368 4049 1521 4140 possibile

288 4144 379 4215 Patri.
397 4145 550 4233 ‘Inclina..
924 4157 973 4217 est
998 4155 1135 4217 transeat
1157 4165 1177 4211 a
1200 4165 1252 4212 me
1277 4141 1357 4211 calix
1383 4145 1452 4211 isto.
