3584 5034
246 690 249 696 Ι
322 599 366 678 28
728 595 1125 674 ,ΕΕὸΤΑἙΕΒΒΠΛΒΠ
1623 665 1629 674 ‚

319 707 480 784 Pontiheis
504 710 672 801 permissu,
696 708 818 784 Patriae
835 707 910 799 Epi·
957 707 1043 798 impii
1061 705 1225 778 Praesidis
1248 707 1344 796 jusso
1359 701 1547 799 decollatus,
1666 724 1668 731 ⁴

318 819 436 892 scopus
460 813 675 889 consecratur,
691 801 809 892 aliique
830 821 912 876 non·
958 820 1100 890 agonem.
1117 806 1213 868 suum
1229 798 1369 868 ‚feliciter
1397 817 1549 872 oonsurnr

319 894 415 976 nulli,
446 916 530 987 quos
561 898 628 988 ipse
664 894 819 970 docuerat
854 916 914 986 per
958 894 1066 962 mavit.
1091 899 1128 976 rt.
1147 891 1361 962 Desideriumt
1422 947 1428 954 .
1486 916 1513 955 Ἀ

317 989 442 1054 Domini
467 991 701 1082 inspirationem
732 987 920 1079 Presbyteri¹
1193 989 1276 1055 Laet.
1298 1007 1341 1053 rr.

317 1092 402 1154 sunt
417 1083 561 1152 ordinati.
586 1084 667 1152 Cum
683 1083 778 1171 igitur
799 1081 910 1149 Ecolee
957 1032 1090 1171 Sancti
1114 1080 1259 1173 Martyris
1283 1078 1443 1169 Reliquias
1472 1078 1550 1145 Pro-

268 1205 270 1212 1
296 1174 400 1242 siam.
428 1175 669 1264 gubernandam
700 1175 908 1263 suscepisset,
955 1173 1062 1254 culus,
1081 1173 1244 1264 Ephebus,
1267 1195 1305 1240 ae
1324 1172 1550 1263 Appollonius,

317 1269 447 1336 coelesti
480 1269 671 1360 adspirante
707 1269 824 1356 gratia,
855 1269 908 1336 ita
957 1268 1013 1358 qui
1038 1267 1445 1358 pridemvidentessigna,
1465 1264 1551 1356 quae

317 1363 407 1442 rexit,
432 1372 556 1430 utnon
580 1365 674 1455 pauci
698 1362 830 1449 exejus
862 1359 911 1426 di·
959 1363 1078 1430 lecerat
1102 1364 1134 1428 in
1158 1361 1318 1428 Christum
1341 1359 1552 1446 crediderant,
1667 1368 1668 1445 J

318 1454 468 1546 seiplina,
491 1457 624 1548 pietate,
657 1469 695 1524 ao
723 1455 912 1522 ⁴constantia
959 1466 992 1523 et
1014 1475 1108 1523 sacro
1136 1455 1263 1524 inerant
1291 1453 1482 1545 baptismate
1511 1450 1552 1519 ab

319 1549 509 1618 excellentes
532 1550 590 1618 viri
614 1547 806 1640 prodierint,¹
830 1548 911 1616 inter
958 1551 1028 1640 ipso
1052 1549 1185 1631 lustrati,
1202 1551 1401 1618 Interamnae
1425 1545 1552 1626 deferri,

319 1661 404 1732 quos
429 1643 590 1734 praecipui
607 1642 816 1724 Saturninus,
851 1641 911 1708 Ca·
958 1654 991 1711 et
1014 1644 1046 1708 in
1071 1639 1259 1708 suburbano
1284 1635 1396 1730 nigello
1412 1639 1553 1706 tumulab
1667 1640 1668 1703 ἶ

318 1735 432 1822 stulus',
458 1737 597 1825 Magnus
614 1757 652 1804 ao
678 1734 813 1816 Lucius,
851 1734 909 1824 qui
957 1737 984 1802 ri
1008 1733 1243 1831 religiosissime
1263 1742 1469 1813 curaverunt,
1492 1751 1554 1801 neo
1667 1800 1668 1821 ,

318 1845 430 1896 omnes
479 1839 702 1898 consummato
758 1831 911 1918 martyrio
960 1827 1062 1896 deluit
1084 1826 1191 1918 pietati
1215 1846 1350 1911 meroes,
1376 1845 1450 1890 nam
1475 1845 1552 1892 oum
1618 1855 1623 1868 ·
1667 1832 1668 1849 ¹

194 1937 197 1944 ’
318 1922 516 2014 triumphum
555 1923 675 2013 gloriae
713 1929 911 1992 meruerunt.
959 1921 1083 2009 vigilias
1107 1929 1181 1987 aute
1196 1939 1325 1987 sacrum
1341 1935 1460 2006 corpus
1476 1937 1555 2005 age-

318 2013 435 2090 Sanora
457 2029 591 2109 quoque
615 2021 741 2108 agapes
771 2014 811 2081 ab
842 2015 912 2172 ipso
959 2022 1040 2092 rent,
1073 2012 1169 2102 jussri
1209 2013 1331 2082 Leontii
1371 2009 1555 2110 Consularis

256 2121 261 2130 '
319 2109 352 2176 in
375 2108 519 2178 doctrina
544 2108 657 2177 Christi
673 2129 748 2176 curn
764 2107 847 2197 pluri
873 2129 913 2175 us
960 2105 1201 2196 comprehensi,
1223 2104 1331 2195 gladio
1358 2103 1553 2172 caesi-sunt.

319 2201 389 2269 aliis
413 2200 595 2290 Virginibus
611 2200 736 2269 erudita
751 2200 915 2270 riotrioem
1010 2203 1044 2280 d.
1063 2200 1200 2280 stola„
1537 2201 1542 2211 ’

319 2297 461 2385 martyrii
485 2314 639 2362 eoronam
662 2303 864 2385 aeceperunt.
953 2323 957 2330 ·
1021 2321 1027 2330 ·
1070 2294 1114 2361 IN
1137 2293 1196 2360 ΙΙΙ.
1220 2289 1446 2388 NOCTURNO
1490 2304 1494 2310 ⁴

336 2398 399 2473 ¹rt.
424 2389 611 2458 Honestum.
829 2449 845 2458 ,,
1011 2386 1353 2455 oenanthen
1394 2383 1552 2470 Quadam.

259 2547 260 2552 ,
561 2483 643 2551 Leot.
666 2501 736 2552 r..:
767 2513 769 2516 ·
961 2501 1005 2548 rx.
1029 2479 1096 2550 lert
1119 2481 1211 2548 Hom.
1233 2481 1291 2570 (rr.
1393 2481 1426 2552 ,’

321 2521 430 2648 Cum
447 2595 524 2644 vero
541 2571 796 2644 disseminandae
817 2572 892 2642 fidei
1122 2573 1127 2586 ‘
1238 2611 1282 2623 -

215 2695 218 2702 ·
276 2753 278 2758 Ι
321 2667 427 2739 studio
440 2669 645 2758 Evangelium
657 2666 807 2737 omnihus
822 2689 916 2759 prae÷
1165 2665 1255 2762 :Dlli
1284 2667 1337 2732 to.

320 2761 450 2845 dicaret,
475 2763 593 2844 laotu'm
618 2774 681 2844 est,
712 2773 748 2828 ut
780 2762 912 2829 Romam
976 2761 1040 2829 .S‚
1070 2760 1220 2829 Srrrnours
1260 2759 1317 2826 Er.
1358 2759 1398 2825 ll.
1437 2756 1555 2847 duplex

318 2855 493 2948 aliquando
516 2855 696 2937 accedens,
729 2854 910 2942 ingentibus
958 2852 1068 2924 omnio
1089 2856 1128 2928 do
1151 2875 1261 2922 mmm.
1283 2851 1380 2921 unios
1396 2849 1555 2941 Martyris
1642 2838 1647 2849 ’

319 2949 363 3014 ibi
385 2949 516 3038 patratis
544 2949 725 3028 miraculis,
757 2949 913 3038 plurimos
964 2948 1073 3017 lloeo
1093 2960 1222 3038 morto
1244 2945 1411 3038 sequentia.
1480 2997 1484 3008 .

318 3039 361 3108 ad
384 3043 461 3122 lesu
485 3039 599 3110 Christi
622 3040 814 3128 agnitionem
837 3064 912 3132 per·
975 3088 981 3094 -
1007 3043 1113 3111 Entro
1135 3042 1320 3131 quadrupes.
1350 3037 1497 3109 lectiones
1528 3036 1554 3103 Ι.

284 3133 461 3216 duceret,
493 3143 525 3202 et
554 3134 707 3204 Sanctum
738 3134 908 3203 Cratonem
957 3135 1046 3205 Nost.
1071 3133 1189 3221 Seript.
1212 3155 1334 3200 oeeorr.
1350 3152 1392 3198 rr.
1408 3131 1498 3198 lectio
1511 3140 1555 3195 ot
1667 3122 1668 3171 t

319 3248 395 3314 oum
434 3247 536 3298 uxore
573 3247 654 3308 sua,
695 3235 727 3294 et
764 3225 915 3294 uniuersa
962 3222 1194 3298 iodreoiorio
1217 3221 1339 3294 ratri.
1352 3221 1556 3312 Triumphoty

321 3320 408 3416 domi
433 3321 617 3416 haptizaret,
634 3341 732 3412 qoem
750 3339 815 3387 non
831 3319 916 3387 mul·
1236 3372 1282 3384 .-

321 3425 354 3484 to
393 3425 468 3506 post
501 3424 683 3484 consortem
719 3414 812 3482 etiarn
850 3433 917 3482 una
1187 3445 1341 3512 „13234

321 3507 494 3694 tlhlll
507 3507 846 3690 rttlltltlh
868 3519 916 3668 ri}
997 3561 1028 3628 ⁵·
1054 3559 1153 3666 tro
1176 3557 1317 3625 ”ror
1340 3555 1396 3624 ΕΡ·
1413 3532 1463 3622 ‘0ss
1479 3553 1517 3660 ⁰.-

322 3718 397 3769 reos
428 3692 577 3764 Placidus
607 3693 703 3764 Urbis
731 3691 917 3762 Praefectus
1194 3667 1321 3760 ‘lullew-

309 3789 523 3882 ‚Valentinum
546 3797 619 3880 post
654 3785 816 3856 diutinam.
842 3807 916 3856 one·
1012 3786 1050 3851 ln
1083 3780 1224 3872 atrisque
1253 3779 1399 3871 Vesperis
1434 3777 1558 3866 Antiplt

323 3882 397 3954 dem
421 3879 587 3958 custodian
604 3880 803 3972 mancipavit.
821 3879 919 3948 Cum·
966 3878 1017 3946 Ad
1039 3875 1231 3966 Mapnifieut.
1250 3875 1279 3942 Ο
1296 3876 1415 3943 Doctor
1431 3872 1558 3964 optime.

325 4000 390 4069 que
414 3973 711 4054 neesuasionihus,
736 3994 799 4042 nee
819 3974 917 4042 minis
1205 3968 1318 4036 Oratio
1512 4025 1516 4031 .

324 4092 349 4140 a⁴
368 4069 446 4140 Fide
461 4067 745 4139 Christidimoreri
772 4089 917 4157 unquam
967 4014 1146 4132 Concede·
1171 4082 1231 4130 uos
1255 4080 1463 4152 quaesumus,
1491 4075 1562 4124 om·
1667 4080 1668 4121 l

324 4163 490 4256 potuisset,
515 4163 638 4232 mediae
666 4162 769 4232 noetis
798 4161 924 4230 silentio
971 4158 1118 4250 nipotens
1141 4158 1240 4237 Deus,
1265 4156 1350 4224 Beati
1375 4152 1458 4218 Petri
1475 4151 1561 4220 Con·
1667 4186 1668 4201 κ

325 4275 496 4334 ocareere
527 4257 673 4360 ejicitur,
713 4277 751 4328 ae
790 4254 923 4327 demum
969 4252 1100 4326 fossoris
1123 4252 1168 4321 tui
1191 4259 1288 4340 atque
1304 4243 1470 4316 Pontifieis
1490 4266 1563 4317 mn·
