3584 5034
306 579 349 650 El
427 657 430 662 ,
622 599 625 603 ·
731 581 859 652 rosta
883 579 1099 650 FEBRUARII

937 690 1039 757 nitate
1066 687 1230 778 legationis
1262 686 1358 785 hujus
1388 700 1523 756 munere
1656 668 1657 741 j

303 737 421 854 Deus
444 783 500 876 qui
524 695 687 853 ‘quditldm
719 783 890 854 Confesso·
935 783 1065 851 iunctus
1080 792 1147 864 est,
1173 802 1259 872 quas
1280 779 1464 872 praesertim
1479 777 1523 850 de
1610 843 1615 850 .
1656 788 1657 793 ’

211 911 215 920 ·
304 895 371 944 rem
395 886 486 944 tuum
501 887 598 966 atque
614 875 798 970 Pontilipem
814 899 893 970 apo
937 874 1094 944 Fidelium
1104 876 1220 967 pietate
1233 872 1553 966 eleemosynascol·.
1656 890 1657 927 1

300 965 424 1036 ‘stolicis
447 969 616 1052 virtutibus
640 971 807 1051 decorasti;
823 973 893 1060 ejus
938 967 1081 1058 ligandas
1103 968 1146 1036 ad
1167 965 1399 1036 sublevandam
1415 965 1525 1034 Eccle-
1656 992 1657 1017 1

304 1062 433 1142 meritis,
458 1073 490 1130 et
502 1063 725 1132 intercessione
742 1064 892 1144 concedo,
940 1063 1005 1134 siae
1029 1061 1247 1130 Hebraeorum
1281 1059 1424 1151 inopiam
1453 1079 1526 1149 spo-

304 1166 342 1222 ut
359 1155 465 1246 juste,¹
480 1166 512 1223 et
534 1158 586 1248 pie
610 1159 756 1226 viventes
774 1157 805 1222 in
829 1154 892 1224 hoo
938 1155 1054 1236 stabat,
1078 1165 1114 1224 ut
1137 1153 1315 1224 Corinthios
1338 1173 1405 1221 non
1421 1151 1526 1220 solum
1656 1186 1658 1207 ι

305 1248 455 1329 saeculo,
479 1249 521 1316 ad
555 1251 723 1320 coelestem
759 1250 892 1338 patriam
939 1249 972 1316 in
996 1247 1109 1317 Christi
1140 1249 1208 1318 fide
1240 1246 1445 1326 continuerit,
1468 1243 1528 1314 sed
1656 1250 1657 1253 ’

303 1341 470 1430 pervenire
495 1365 684 1413 mereamur.
710 1343 768 1409 Per
785 1343 893 1411 Domi·
940 1343 1034 1410 etiam
1051 1342 1255 1424 desiderium,
1278 1340 1400 1422 fletum,
1417 1360 1528 1408 aemu-

305 1454 383 1504 num
406 1446 551 1504 nostrum
576 1439 687 1520 lesum
708 1445 766 1502 eto.
938 1434 1087 1504 lationem
1104 1438 1184 1506 inter
1198 1455 1255 1505 eos
1269 1454 1330 1526 pro
1348 1432 1458 1514 Paulo,
1470 1431 1538 1522 qui

427 1529 470 1596 IN
493 1529 519 1595 I.
547 1528 769 1598 NOCTURNO
939 1529 1011 1597 illos
1033 1531 1156 1620 primus
1179 1529 1321 1608 instituit,
1336 1525 1526 1610 excitaverit

297 1663 304 1672 -
350 1621 433 1689 Eect.
458 1643 518 1691 ser.
541 1643 602 1691 occ.
625 1660 641 1673 -
663 1623 703 1691 Io
738 1621 894 1714 Qoedrw.
941 1621 992 1688 ad
1013 1621 1257 1706 ,effundendum
1288 1618 1413 1704 interim
1448 1618 1529 1688 inter

302 1711 438 1790 Fidelis.
563 1761 566 1770 -
749 1775 753 1788 ,
940 1725 1049 1803 gentes
1061 1714 1188 1803 linguis,
1202 1713 1347 1803 locisque
1362 1710 1527 1784 distinctas

421 1806 466 1875 IN
488 1807 532 1896 Η.
554 1808 778 1880 NOCTURNO
941 1807 1039 1876 divini
1061 1805 1151 1876 verbi
1173 1828 1283 1876 semen
1298 1801 1447 1896 pluribus
1463 1813 1527 1874 ter·
1656 1852 1657 1901 ,

521 1902 605 1971 Lect.
639 1923 679 1971 ιν.
740 1934 743 1939 ·
940 1921 997 1981 ra,
1022 1901 1166 1990 marique
1189 1896 1352 1968 itineribus
1386 1893 1526 1978 relectis,

307 1943 459 2062 Titum·
479 1994 659 2064 Cretensem
695 1997 889 2086 Episcopum
936 2013 1134 2083 magnaque·
1152 1993 1248 2061 animi
1283 1991 1432 2059 firmitate
1465 1992 1528 2081 pria

203 2089 206 2114 ¹
306 2085 359 2152 vix
382 2086 470 2154 Pauli
505 2088 649 2177 Apostoli
672 2089 771 2158 verbo
805 2087 888 2156 chri·
936 2085 1047 2156 Crucis
1073 2085 1226 2177 trophaeo
1249 2087 1338 2154 curis·
1362 2078 1553 2174 laborioudg

305 2179 424 2246 stianae
448 2175 521 2246 fidei
539 2182 753 2262 sacramentis,
773 2189 894 2273 myste-
940 2201 1007 2270 quo
1026 2179 1219 2261 exantlatis,
1243 2202 1308 2249 una
1325 2174 1529 2258 „eurddoce
1548 2218 1551 2224 ·

305 2270 425 2360 riisque
449 2270 633 2354 excultum,
659 2293 697 2341 ea
721 2273 892 2342 sanctitatis
940 2270 1436 2365 PaulcCretaeinsulamappulit
1446 2270 1549 2339 Cum

306 2361 380 2452 lpoe
403 2363 564 2432 Ecclesiae
587 2373 665 2433 tunc
686 2367 823 2456 vagienti
848 2366 895 2434 el·
941 2386 1040 2458 porro
1063 2366 1138 2434 huic
1160 2367 1321 2435 Ecclesiae
1351 2366 1538 2456 Episcopus

305 2455 432 2524 fulsisse
455 2466 662 2549 compartum
678 2469 735 2542 est,
760 2470 796 2528 ut
812 2461 894 2528 inter
938 2458 979 2526 ab
1004 2459 1074 2550 ipso
1098 2458 1252 2550 Apostolo
1276 2458 1419 2528 delectus
1434 2465 1529 2537 esset,
1656 2526 1657 2551 3

304 2549 449 2638 dusdem
472 2551 617 2621 Doctoris
639 2553 782 2642 gentium
797 2552 891 2622 disci·
938 2550 1151 2620 dubitandum
1173 2574 1238 2622 non
1262 2561 1320 2633 est,
1344 2550 1422 2641 quin
1441 2550 1473 2616 in
1490 2569 1531 2617 eo
1656 2584 1657 2587 ¹

303 2643 401 2735 pulos
423 2646 573 2714 meruerit
596 2647 748 2738 cooptari.
780 2646 891 2715 Adsci-
938 2666 1072 2714 munere
1087 2646 1130 2712 ita
1144 2654 1291 2714 versatus
1312 2644 1363 2724 sit,
1380 2653 1416 2710 ut
1435 2643 1529 2732 juxta

305 2746 360 2805 tus
382 2739 415 2804 in
461 2747 561 2807 artem
595 2739 700 2808 oneris
753 2740 893 2809 raediea-
939 2740 1039 2830 ipsius
1064 2739 1152 2806 Pauli
1169 2737 1383 2829 praeceptoris
1399 2737 1529 2817 monita,

305 2829 410 2908 tionis,
421 2759 503 2898 adeo
518 2763 752 2920 evangelizandl
765 2832 893 2918 ardore,
940 2854 977 2902 se
1000 2833 1106 2923 ipsum
1129 2831 1310 2924 praebuerit
1346 2830 1529 2922 exemplum

301 2931 338 3012 et
360 2921 509 2990 fidelitate
533 2925 632 2990 Paulo
655 2927 754 2992 extitit
788 2948 894 3009 carus,
940 2923 1100 2994 bonorum
1128 2928 1310 3017 operumin
1327 2923 1530 3004 doctrinam

307 3023 351 3082 ut
365 3014 434 3105 ipse
456 3034 533 3082 oum
566 3016 704 3084 venisset
738 3019 893 3088 Troadem
940 3019 1125 3107 integritate,
1149 3021 1181 3085 in
1204 3020 1366 3107 gravitate.

226 3110 230 3122 '
306 3106 654 3200 proptarEvangelium
669 3107 783 3177 Christi
800 3119 894 3182 testa
986 3112 1020 3189 xl.
1043 3110 1144 3178 Posui
1162 3109 1366 3200 adjuterium.

306 3210 360 3270 tus
383 3201 445 3284 sit,
467 3222 534 3272 uon
566 3199 718 3271 habuisse
749 3203 894 3292 requiem
1161 3203 1248 3272 Lat:
1268 3223 1311 3274 u.

307 3294 433 3385 spiritui
454 3305 526 3380 suo,
551 3315 592 3366 eo
608 3293 698 3386 quod
713 3295 816 3364 Titum
831 3296 894 3366 lra-
942 3244 1074 3388 ltaque
1081 3296 1381 3387 tamquamlucema
1389 3294 1531 3362 intereos

307 3395 388 3456 trem
412 3407 511 3458 suum
538 3388 583 3458 ibi
598 3407 664 3459 nou
677 3387 840 3460 invenerit.
858 3389 899 3480 Et
943 3385 1001 3480 qui
1024 3391 1057 3459 iu
1080 3389 1265 3472 idolatriae,
1291 3399 1326 3458 et
1349 3385 1533 3457 mendacio-
1656 3460 1657 3469 χ

307 3479 502 3574 paulopost
526 3479 744 3552 Macedoniam
773 3491 895 3574 petens,
944 3503 1017 3550 rum
1050 3480 1211 3565 tenebris,
1234 3483 1332 3552 veluti
1345 3481 1389 3549 in
1416 3479 1533 3549 umbra

307 3593 420 3642 rursus
442 3593 535 3644 suom
557 3573 591 3644 in
614 3595 690 3646 eum
712 3573 897 3646 charitatem
943 3576 1063 3657 mortis,
1087 3574 1241 3645 sedebant
1262 3574 1422 3668 religionis
1433 3572 1532 3666 jubar

310 3667 352 3735 ita
375 3667 528 3759 exprimit
552 3667 611 3738 sed
633 3667 691 3760 qui
713 3667 897 3739 consolatur
942 3667 1076 3738 diffudit.
1101 3668 1247 3738 Traditur
1267 3690 1344 3740 eum
1361 3669 1443 3738 inter
1457 3667 1531 3736 Dal·

310 3759 457 3842 humiles,
480 3761 665 3832 oousolatus
687 3771 810 3834 estam
828 3763 895 3835 'De-
942 3771 1053 3848 maes,
1071 3773 1107 3832 ut
1122 3764 1234 3832 Crucis
1257 3763 1412 3834 vexillum
1433 3759 1533 3852 expli·

310 3875 351 3922 us
375 3857 406 3921 in
429 3853 569 3926 adventu
594 3856 661 3926 Titi.
874 3876 880 3889 ¹
946 3867 1043 3938 earet,
1065 3866 1194 3926 strenue
1217 3855 1424 3926 consudasss.
1452 3855 1533 3921 Tan·

356 3948 389 4024 ll·
413 3946 524 4019 inveni
542 3948 654 4020 llavid.
942 3947 1018 4017 dem
1029 3951 1224 4032 meritorum,
1239 3949 1405 4022 etdierum
1416 3946 1532 4040 plentm
1565 4033 1569 4040 Ι

535 4044 618 4114 beet.
645 4060 675 4110 r.
946 4053 1061 4133 quarto
1082 4062 1181 4135 supra
1197 4044 1436 4135 nonagesimum
1445 4058 1532 4107 anno

239 4189 244 4202 .
311 4084 557 4225 Quamobrem
568 4135 753 4207 Corinthum
763 4134 898 4233 ablpo·
943 4135 1047 4244 pridie
1081 4156 1184 4206 nonas
1215 4137 1355 4207 lanuarii
1394 4133 1532 4224 pretiosa

309 4225 394 4298 stolo
416 4227 544 4316 missus,
566 4251 605 4304 ea
618 4231 779 4328 sapientie,
803 4241 836 4310 et
849 4232 895 4305 le·
937 4239 1099 4322 justorum
1110 4226 1532 4304 morteobdormivitinllo·
