3584 5034
676 571 803 640 susm
828 527 1060 644 renuuntur
1432 573 1475 641 tt

294 686 408 754 Psalm.
421 683 575 751 Dominus
587 685 735 772 regnavit.
756 687 835 755 Cum
1043 685 1094 754 Ad
1124 684 1309 754 Benedictus

245 778 375 868 reliquis
398 780 436 847 de
462 775 635 846 Dominica.
927 781 996 848 Ant.
1021 779 1181 868 lnglorius
1204 778 1263 846 erit
1286 781 1368 848 inter
1384 779 1474 845 viros

290 871 412 961 Antrplu
433 870 593 939 Foderunt
608 893 721 939 manns
738 877 835 955 meas3
882 881 1032 963 aspectus
1055 873 1134 960 ejus,
1159 882 1191 939 et
1215 871 1317 937 lorma
1340 871 1409 959 ejus
1425 870 1474 936 in-

244 975 274 1032 et
297 963 396 1057 pedes
420 985 518 1032 meos:
552 963 834 1034 dinumeraverunt
880 976 928 1034 ter
943 964 1027 1032 lilios
1044 963 1217 1032 hominum.
1242 964 1307 1032 lsta
1327 973 1475 1054 asperget

245 1057 352 1125 omnia
376 1078 554 1126 ossa-mea.
885 1069 995 1148 gentes
1019 1058 1144 1127 multas.

289 1149 415 1240 Antiph.
439 1153 514 1218 Tres
536 1161 637 1232 sunt,
668 1152 725 1240 qui
750 1153 834 1221 testi·
931 1150 1050 1220 Oratio.
1080 1153 1119 1218 Ut
1143 1173 1210 1238 sup.
1239 1153 1356 1220 domm.
1383 1149 1453 1216 Fer.

243 1244 387 1310 monium
413 1243 488 1311 dant
512 1244 544 1309 in
569 1255 673 1312 terra?
696 1246 835 1335 spiritus,
888 1253 910 1280 ’·
1065 1245 1120 1309 ΑΙ)
1143 1244 1356 1310 Palmati*

244 1358 341 1426 aqua,
366 1347 398 1405 et
420 1339 576 1425 sanguis,
600 1347 632 1406 et
657 1335 687 1402 hi
712 1348 775 1406 tres
800 1361 838 1405 u·
932 1340 1002 1406 Ant.
1027 1339 1118 1407 Unus
1142 1337 1288 1404 militnm.

245 1451 324 1498 num
348 1439 431 1496 sunt
931 1434 970 1498 In
993 1438 1025 1512 rt.
1050 1431 1096 1498 br.
1120 1434 1148 1499 l.
1187 1431 1251 1512 Qui
1290 1429 1476 1500 vulneratus

293 1522 418 1612 „latipt
443 1522 530 1603 Quid
555 1521 670 1589 turbati
695 1524 780 1604 estis,
805 1533 836 1590 et
883 1546 918 1592 es
941 1547 999 1616 pro
1023 1523 1125 1592 nobis.
1559 1523 1563 1528 ’

245 1617 451 1705 cogitationes
475 1615 653 1684 ascendunt
677 1615 709 1681 in
741 1614 839 1686 corde
1048 1620 1103 1684 ΑΙ)
1136 1616 1313 1685 TllllFlAll

247 1709 382 1778 vestro?
407 1708 512 1777 videte
546 1730 659 1776 manus
684 1731 781 1790 meas,
805 1715 840 1778 el
930 1709 1055 1799 Antiplt.
1081 1710 1255 1778 Foderunt.

245 1802 344 1894 pedes
368 1823 466 1883 meos,
494 1803 570 1892 quia
593 1823 653 1890 ego
670 1803 736 1893 ipse
752 1825 834 1870 sum.
936 1803 1038 1892 Capit.
1062 1802 1253 1870 charissimi:
1277 1814 1311 1870 ut
1333 1824 1400 1892 sup.

291 1895 415 1986 Antiph.
448 1897 534 1964 Inler
571 1895 703 1983 digitum
743 1907 835 1964 tunm
929 1906 962 1980 u.
986 1897 1033 1969 br.
1057 1894 1219 1964 Foderunt
1243 1917 1356 1962 manus
1375 1919 1472 1979 meas,

245 1988 326 2070 huo,
357 2000 390 2056 et
429 1987 500 2057 vida
537 2011 651 2056 manus
682 2011 779 2071 meas,
805 2000 837 2058 et
879 1989 905 2033 1*
930 1993 969 2058 Et
992 1989 1091 2080 pedes
1117 2009 1215 2056 meos.
1233 1988 1407 2057 Foderunt.

244 2082 322 2150 aller
345 2102 475 2149 manum
500 2092 614 2163 tuam,
637 2093 670 2150 et
693 2085 779 2152 mitte
803 2083 835 2150 in
928 2085 1269 2156 annumeraverat
1293 2083 1403 2149 omnia
1422 2103 1476 2151 os-

245 2175 333 2242 latus
355 2195 474 2244 meum.
883 2199 920 2244 sa
943 2198 1021 2246 mea.
1047 2177 1086 2242 Et
1109 2175 1208 2268 pedes
1232 2197 1330 2244 meos.
1365 2176 1476 2246 Gloria

295 2268 399 2358 Capit.
417 2268 615 2342 ,Charissimit
639 2279 671 2338 ot
695 2290 761 2360 sup.
884 2273 977 2339 Patri.
1003 2269 1175 2338 Foderunt.
1300 2329 1304 2336 .

454 2363 614 2454 ¹Hymnus
776 2403 780 2410 ,
929 2373 959 2438 rt.
982 2367 1085 2445 Quem
1110 2364 1353 2454 tu-peroussisti
1369 2383 1479 2456 perse-

247 2407 391 2521 Tincta
414 2475 491 2544 ergo
517 2455 630 2523 Christi
654 2457 808 2542 sangnine
886 2460 978 2548 qunti
1004 2467 1087 2523 sunt.
1113 2489 1119 2502 ·

295 2549 476 2618 Convertite
499 2551 530 2615 in
555 2572 607 2617 me
631 2550 810 2641 cuspidem,
935 2558 969 2631 u.
992 2551 1031 2615 Et
1053 2571 1152 2639 snper
1191 2548 1336 2617 dolorem
1366 2551 1479 2618 vulne*

293 2643 400 2709 Ferire
424 2664 491 2723 eor,
515 2642 624 2732 pedae,
649 2665 775 2723 manuS,
886 2667 959 2711 rum
984 2661 1128 2710 meorum
1152 2639 1354 2708 addiderunt.
1468 2647 1474 2658 ’

294 2735 434 2818 Poenam
459 2755 487 2801 a
501 2747 636 2804 nocente
659 2739 783 2803 sumite.
1066 2735 1121 2800 Α’Ῐ)
1140 2733 1300 2799 sextam

247 2831 435 2915 atrneaeso
460 2827 564 2916 oulpis
588 2826 710 2894 debitas
935 2825 1063 2917 Antiplr.
1087 2828 1163 2894 Tres
1186 2835 1270 2892 sunt.

295 2913 383 3000 Quas
402 2921 477 3008 jure
499 2921 609 3011 plagas
632 2919 739 3009 figitis,
985 2921 1087 3010 Cupit.
1132 2941 1152 2986 1.
1179 2918 1272 2988 Petri
1294 2940 1327 2985 11.
1344 2943 1373 2988 v.
1399 2925 1453 2988 er.

264 3051 267 3060 =
292 3011 419 3106 Cruore'
443 3013 552 3080 divino
575 3011 671 3082 illitae
887 2966 1050 3082 Fratres:
1066 3014 1209 3082 Christus
1225 3034 1340 3104 passus
1357 3027 1406 3085 est
1421 3037 1481 3107 pro

294 3107 386 3172 Fient
403 3105 532 3174 ¹medela
555 3109 693 3196 spiritus.
884 3109 987 3189 nobis,
1000 3107 1091 3175 vobis
1103 3108 1287 3195 relinquens
1298 3109 1481 3200 exemplum

247 3198 294 3266 Sit
316 3197 446 3288 grossus
469 3199 509 3267 ad
527 3201 646 3268 malurn
670 3203 836 3292 impotens,
885 3213 923 3268 ut
945 3203 1128 3292 sequamini
1151 3200 1284 3288 vestigia
1308 3202 1387 3288 ejus.
1415 3203 1479 3282 Qui

295 3293 407 3361 llanus
431 3314 546 3362 nocere
571 3292 727 3375 desinant,
884 3305 1052 3385 peceatum
1078 3314 1144 3359 non
1168 3289 1254 3373 leoit,
1278 3313 1338 3362 neo
1370 3297 1481 3364 inven-

278 3386 472 3477 >Omnisquo
494 3385 593 3454 eorde
616 3410 635 3456 e
659 3390 770 3456 saucio
887 3398 939 3454 tus
962 3399 1011 3455 est
1033 3385 1128 3454 dolns
1153 3385 1186 3451 in
1209 3406 1265 3453 ore
1288 3387 1367 3475 ejus.

293 3479 449 3547 Prolanus
472 3479 568 3547 ardor
591 3493 690 3550 exeat.
929 3481 961 3556 d.
973 3481 1018 3547 br.
1034 3480 1137 3558 Quem
1150 3482 1478 3572 tuperoussisti*Per-

248 3569 353 3637 Clavis
376 3573 488 3655 lorato,
512 3583 544 3641 et
567 3575 701 3658 Lancea,
889 3574 1017 3662 sequuti
1041 3583 1124 3639 suut.
1149 3573 1252 3654 Quem
1279 3583 1324 3641 tu.

265 3689 270 3699 ·
295 3664 382 3744 lesu,
407 3665 465 3731 tibi
490 3667 530 3733 sit
553 3665 653 3755 gloria
934 3667 963 3732 tl.
981 3667 1021 3732 Et
1035 3687 1133 3755 snper
1148 3664 1291 3735 dolorem
1311 3669 1482 3737 vulnerum

294 3756 375 3822 Cum
400 3758 512 3839 Patre,
537 3771 568 3826 et
589 3760 673 3828 almo
698 3760 816 3851 Spiritu
887 3779 1033 3828 meorum
1057 3757 1257 3827 addiderunt.
1289 3761 1478 3850 Perseqnuti

274 3850 398 3930 ¹llunc,
415 3861 446 3918 et
461 3867 644 3942 per‘omna,
659 3853 837 3921 saeculum.
886 3862 970 3920 sunt.
995 3851 1105 3920 Gloria
1129 3855 1222 3920 Patri.
1247 3855 1351 3934 Quem
1376 3862 1420 3919 tu.
1561 3924 1564 3929 ⁴

319 3948 432 4010 Amen.
567 3967 572 3974 ·
930 3946 962 4014 ri.
986 3946 1060 4035 lpse
1083 3946 1270 4014 vulneratus
1285 3956 1334 4012 est
1348 3956 1480 4040 propter

294 4031 325 4102 ri.
352 4035 515 4104 Foderunt
541 4059 655 4106 manus
687 4061 784 4122 meas,
811 4052 844 4109 et
890 4039 1073 4130 iniquitates
1095 4048 1229 4108 nostras.

247 4126 347 4221 pedes
371 4149 468 4198 meos.
537 4153 561 4182 ν
933 4138 966 4210 d.
990 4135 1124 4201 Attritns
1147 4141 1197 4201 est
1218 4143 1349 4225 propter
1378 4135 1479 4205 seele-

295 4227 328 4306 d.
352 4224 638 4296 Dinumeraverunt
662 4229 769 4297 omnia
786 4247 837 4297 os·
889 4247 925 4294 ra
949 4236 1065 4294 nostra.
1154 4277 1159 4286 .
1267 4265 1271 4272 ·
1336 4247 1344 4264 ·

248 4337 285 4384 sa
311 4338 389 4386 mea.
