3584 5034
325 624 370 691 so
751 614 876 688 rnsrr
902 613 1120 710 rennuunt

324 731 570 822 mento„inqtto
584 728 729 798 nondum
745 732 918 822 quisquam
964 749 1085 832 coppas
1117 724 1195 800 lesu
1226 727 1370 819 involvit
1391 727 1479 816 ,illud
1513 731 1545 800 in

324 828 449 920 positum
470 825 584 893 luerat.
961 823 1115 893 sindone·

478 915 702 1010 Copittlaoioe
728 918 784 984 63.
859 995 861 998 ,
1102 993 1106 1000 ,
1203 915 1314 987 Oratio
1409 994 1413 1003 ,
1528 978 1532 986 .

324 965 433 1173 quis
470 1020 520 1084 est
554 1011 622 1090 iste,
657 1011 714 1101 qui
749 1010 835 1079 venit
869 1007 911 1076 de
961 963 1087 1091 Deus,
1114 1010 1279 1099 qui‘nobis
1295 1011 1327 1078 in
1342 1019 1451 1082 sancta
1474 1009 1546 1077 Sin·

321 1105 347 1174 ll
371 1126 424 1174 orn
441 1103 701 1174 tinctisrestibus
724 1101 765 1170 de
780 1101 907 1171 Bosra?
955 1100 1059 1184 done,
1074 1125 1140 1194 qua
1164 1125 1291 1195 corpus
1318 1116 1408 1171 tuum
1440 1123 1547 1172 sacra·

320 1198 384 1268 Iste
407 1199 567 1266 formosus
585 1197 624 1278 ,in
648 1197 728 1264 stola
750 1217 810 1262 sua
834 1217 907 1283 gra·
954 1195 1112 1266 tissimum
1160 1219 1258 1266 cruce
1302 1195 1484 1286 depositum
1528 1217 1549 1264 a

276 1289 278 1294 ’
319 1291 409 1361 diens
435 1292 466 1358 in
496 1290 699 1358 multitudine
714 1288 906 1365 fortitudinis
953 1290 1073 1380 loseph
1098 1291 1277 1380 involutum
1296 1291 1364 1370 luit,
1391 1290 1549 1381 passionis

320 1383 424 1453 suae?
449 1385 516 1473 ligo
540 1385 595 1474 qui
613 1382 727 1472 loquor
738 1382 904 1471 justitiam,
951 1392 1026 1450 tuae
1044 1385 1187 1472 ,vestigia
1221 1382 1385 1474 reliquisti
1402 1382 1551 1452 concede·

318 1473 908 1570 etpropugnatorsumadsalvandurn.
954 1477 1112 1567 propitius
1128 1488 1164 1544 ut
1179 1498 1238 1568 per
1261 1487 1405 1558 mortem,
1431 1488 1465 1544 et
1495 1496 1547 1543 se·

337 1629 339 1636 ,
488 1571 691 1660 ,Ἠφηιηυα
806 1635 808 1642 ,
951 1568 1113 1659 pulturam
1130 1581 1218 1637 tuam
1242 1569 1284 1637 ad
1308 1570 1548 1638 resurrectionis

320 1615 439 1744 Jesu,
464 1661 567 1729 dulcis
591 1669 682 1742 amor
704 1682 807 1742 meus,
953 1661 1087 1749 gloriam
1113 1661 1338 1753 perducamur.
1369 1663 1433 1743 Qut
1456 1662 1549 1744 vivis,

320 1821 323 1828 .
343 1757 392 1824 Ae
416 1757 442 1822 si
466 1775 616 1846 praesens
631 1755 694 1836 εἰεςι
711 1754 842 1836 accedo,
961 1764 993 1822 et
1008 1773 1131 1844 regnas.

343 1848 388 1918 le
408 1848 606 1939 complector
629 1867 704 1914 cnm
728 1846 855 1930 affectu,
921 1849 925 1856 “
1057 1849 1107 1916 Ad
1140 1829 1293 1928 Tertiam,
1324 1845 1451 1936 dotr‘ptl.
1510 1817 1543 1900 ι’
1603 1891 1609 1899 -

346 1941 487 2014 luorum
512 1962 635 2012 mernor
663 1939 842 2010 vulnerum.
1004 1940 1063 2006 llic
1086 1938 1247 2007 audacter.
1293 2023 1297 2028 ι
1537 1990 1542 2028 3

318 2035 351 2106 0
377 2057 478 2126 quan¹
499 2034 623 2102 nudum
647 2032 698 2102 hic
723 2044 753 2100 te
776 2051 885 2115 cerno,
1005 2033 1108 2123 Capit.
1131 2033 1210 2114 Quis
1232 2042 1283 2102 est
1306 2033 1373 2102 iste.
1396 2044 1430 2100 ut
1453 2055 1523 2122 rep.

342 2129 560 2208 vulneratum,
584 2139 616 2198 ot
638 2125 820 2207 distentum,
1003 2133 1035 2208 d.
1057 2127 1103 2195 lor.
1121 2123 1546 2210 TuamSindonem.*Vene·

341 2220 558 2310 Inquinaturn,
579 2218 761 2288 involutum
951 2239 1062 2288 ramur
1085 2221 1228 2288 Domine.
1253 2221 1351 2288 Tuam
1364 2218 1548 2290 Sindonem

341 2313 381 2379 ln
407 2312 467 2381 hoe
491 2332 583 2380 sacro
606 2312 761 2400 tegminel
963 2309 968 2317 '
999 2311 1029 2380 i.
1048 2301 1146 2383 Tuam
1162 2314 1337 2390 recolimus
1352 2314 1544 2404 passionem.

315 2404 413 2475 Salve
433 2416 533 2496 eaput
552 2415 755 2474 cruentatum
955 2404 1160 2475 Veneremur.

342 2498 461 2590 Spinis,
481 2500 576 2589 cujus
599 2497 703 2567 dulcis
726 2498 835 2566 vultus
999 2499 1107 2566 Gloria
1124 2498 1213 2565 Patri.
1230 2500 1329 2566 Tuam
1354 2496 1540 2564 Sindonum.
1662 2482 1663 2487 ἵ

339 2591 524 2661 lrnrnutavit
546 2587 642 2662 suuni
665 2590 787 2674 florem,
996 2591 1027 2657 ri.
1043 2589 1467 2680 AdoramusteChristo,ct
1483 2587 1541 2660 lie·

341 2687 447 2768 Quem
469 2686 550 2756 coeli
575 2687 679 2754 tremit
700 2687 798 2755 curia.
953 2680 1136 2752 redicimus
1155 2681 1220 2750 tibi.

316 2779 414 2848 Salve
439 2780 521 2848 latus
545 2780 726 2862 Salvatoris,
786 2799 788 2856 ῖ
1002 2779 1035 2853 tl.
1051 2777 1133 2858 Quia
1149 2798 1207 2868 per
1228 2786 1364 2846 mortem
1381 2786 1470 2860 tuam
1493 2797 1544 2846 re·

342 2872 437 2940 Salve
461 2873 544 2939 mitis
567 2882 725 2963 apertura,
957 2867 1080 2940 demisti
1105 2869 1272 2940 mundum.

344 2964 449 3054 Super
471 2985 576 3032 rosam
601 2961 793 3046 rubicunda,
1073 2965 1124 3033 Ad
1140 2966 1284 3041 Sectam,
1300 2963 1428 3057 Antiplt.

344 3056 466 3125 lledela
480 3053 654 3124 salutifera.
1004 3057 1084 3126 Cum
1108 3059 1321 3145 cognovisset.

318 3149 433 3218 llanue
456 3158 583 3216 sanctae
609 3168 666 3216 ros
689 3156 790 3228 areta,
874 3171 880 3182 ·
1163 3151 1342 3238 Copitotom

342 3244 426 3310 Diris
449 3241 548 3310 clavis
571 3240 760 3333 perforatae:
876 3323 881 3338 Ι
962 3193 1099 3330 Quare
1121 3262 1199 3330 ergo
1223 3241 1357 3310 rubrum
1380 3249 1429 3309 est
1451 3235 1548 3306 indu·

342 3335 391 3404 Ne
415 3334 550 3443 repellas
575 3356 637 3417 rue,
661 3334 816 3414 Salvator,
958 3343 1100 3402 mentum
1113 3344 1215 3412 tuum,
1241 3346 1274 3402 et
1295 3334 1480 3402 vestimenta
1492 3343 1548 3401 tua

342 3427 390 3495 lle
414 3438 476 3496 turs
500 3429 617 3497 sanctis
640 3427 812 3520 pedibus.⁴
955 3427 1041 3495 sicut
1074 3428 1264 3496 calcantium
1300 3427 1334 3494 in
1361 3427 1547 3496 torculari?

392 3523 502 3590 Amen.
568 3521 570 3525 ’
958 3519 1241 3595 Torcularcalcavi
1257 3520 1357 3603 solus,
1373 3532 1405 3589 et
1420 3519 1549 3611 degen-¹

363 3609 394 3679 ti.
418 3613 574 3682 Dominus
590 3613 742 3702 regnavit,
759 3610 910 3682 decorem
958 3611 1044 3681 tibus
1068 3623 1206 3685 nonest
1221 3615 1269 3682 vir
1292 3636 1429 3684 mecum.

318 3705 433 3776 induit.
799 3791 802 3798 .
1006 3717 1038 3789 a.
1053 3706 1102 3774 dr.
1120 3706 1301 3778 odoramus
1317 3719 1349 3778 te
1364 3707 1497 3791 Christe,
1523 3709 1545 3750 *

367 3808 401 3882 rt.
424 3799 533 3870 Induit
566 3799 722 3870 Dominus
751 3797 911 3868 fortitudi·
956 3799 997 3866 Et
1020 3799 1239 3870 benedicimus
1263 3801 1329 3870 tibi.
1355 3801 1544 3870 odoramus.

271 3967 277 3980 ,
321 3916 405 3976 nem,
429 3906 463 3964 et
484 3895 657 3985 praecinxit
680 3916 715 3961 se
738 3895 865 3962 virtute.
1002 3900 1033 3968 t.
1056 3894 1140 3974 Quia
1163 3917 1220 3984 per
1236 3907 1371 3965 mortem
1390 3907 1538 3963 tuamre-

406 3989 457 4056 Ad
479 3987 674 4068 Benedictus,
698 3987 825 4076 dntiplr.
958 3985 1305 4056 demistimundum.Et
1318 3988 1546 4060 benedicimus.

367 4080 487 4173 loseph
510 4081 626 4150 nobilis
647 4079 791 4162 decurio,
814 4101 911 4172 expe-
1006 4079 1115 4151 Gloria
1138 4081 1231 4150 Patri.
1256 4081 1445 4153 odoramus.

319 4183 412 4240 clane
434 4185 467 4242 et
490 4174 558 4265 ipee
573 4195 707 4264 regnum
727 4175 796 4255 Dei,
821 4195 907 4242 mer·
1000 4177 1033 4256 ἡ.
1061 4174 1174 4242 Omnis
1198 4185 1283 4248 terra
1312 4173 1424 4266 adoret
1448 4184 1495 4260 to,
1518 4188 1552 4250 et

320 4273 413 4342 ortui
435 4275 484 4336 ast
499 4266 684 4353 sindonem
699 4276 732 4339 et
747 4265 912 4362 deponens
959 4265 1075 4360 psallat
1097 4267 1161 4338 tibi.

1655 2850 1660 3048 t
