3584 5034
331 644 398 715 tto
470 638 472 641 ·
535 706 537 709 .
744 639 875 709 rusti
895 639 1141 738 suruuunnls

326 765 380 824 sto
404 753 554 834 Diacono,
577 761 610 822 et
632 751 796 822 Desiderio
819 752 918 822 leuto·
965 765 1129 846 amputato
1154 753 1267 846 capite,
1292 752 1405 822 illustri
1437 765 1556 850 marty·

329 863 385 930 re,
398 848 466 914 Deo
488 847 540 915 sie·
559 845 755 939 disponente,
777 866 818 913 ao
847 867 922 936 per·
969 849 1015 914 rin
1039 853 1236 926 coronatis]¹
1245 848 1320 936 Ejus
1344 867 1469 914 sacrum
1482 869 1557 916 cor·

327 951 449 1009 tractus
470 951 529 1016 est,
554 951 590 1006 ut
613 941 707 1030 cujus
731 938 920 1007 charismata
966 963 1038 1032 pus,
1065 952 1101 1008 ut
1125 941 1274 1008 traditum
1298 942 1504 1032 est,.Neapnli
1523 943 1563 1008 in,

302 1034 432 1102 inerat
464 1031 664 1116 admiratus,
706 1043 738 1102 et
778 1052 918 1100 coronas
965 1035 1106 1102 Ecclesia
1132 1035 1189 1124 ipsi
1226 1034 1321 1102 heato
1352 1036 1502 1127 martyri,
1525 1045 1558 1102 et

326 1127 614 1219 praenuntiaverat,
638 1128 762 1195 socium
791 1129 918 1216 accipe·
966 1125 1343 1194 sanctoSoverinodicata
1361 1150 1379 1194 a
1398 1127 1559 1196 Monachis

326 1230 375 1289 ret
397 1218 511 1287 nobilis
534 1241 671 1312 pugnae,
695 1243 733 1289 ae
768 1219 919 1310 triumphi
966 1218 1342 1288 CassinensihusOrdinis
1351 1220 1381 1286 S.
1391 1220 1559 1304 Benedicti,

325 1323 515 1384 consortem.
541 1315 624 1403 llrgo
648 1324 777 1382 sanctus
814 1314 921 1380 Levita
969 1311 1075 1380 dehita
1099 1313 1252 1402 religione
1275 1327 1469 1382 asservatur.

325 1426 489 1474 unacum
515 1409 677 1490 ianuario,
717 1409 918 1496 coeterisque
1012 1411 1043 1484 tl.
1068 1406 1190 1475 Gratias
1215 1417 1275 1496 ago
1292 1409 1319 1474 ei
1338 1409 1396 1496 qui
1413 1429 1465 1476 me
1482 1428 1559 1475 non-

227 1520 232 1536 ·
327 1499 440 1568 Christi
464 1499 618 1568 militibus
660 1501 691 1567 in
725 1499 920 1590 amphithea·
969 1499 1096 1566 lortavit
1119 1499 1243 1568 Christo
1269 1498 1389 1568 lesu*
1414 1501 1498 1581 Quia
1523 1499 1560 1567 fi·
1667 1493 1668 1550 Ῐ

328 1602 413 1660 trum
438 1591 597 1661 adductus
626 1593 700 1661 feris
740 1591 922 1683 discerpen-
969 1591 1073 1660 delam
1098 1593 1161 1660 me*
1173 1594 1361 1662 existimavit
1383 1615 1509 1684 ponens
1530 1595 1563 1660 in

328 1685 392 1754 dus
416 1684 560 1775 objectus
582 1697 640 1763 est,
665 1707 749 1777 quae
774 1687 929 1753 naturalis
970 1687 1152 1754 ministerio.
1193 1730 1196 1738 κ

331 1777 447 1848 oblitae
472 1779 611 1860 feritatis,
636 1802 695 1848 nec
726 1780 827 1864 Sosio,
865 1799 923 1847 neu
1018 1780 1047 1846 i.
1073 1779 1239 1848 Fortitudo
1263 1801 1342 1860 mea,
1359 1790 1390 1846 et
1405 1777 1476 1846 laus
1493 1800 1565 1848 mea

327 1875 489 1941 sociorum
514 1873 570 1940 ulli
595 1884 783 1942 nocuerunt.
971 1870 1137 1952 Dominus,
1161 1885 1192 1942 et
1217 1874 1319 1940 lactus
1353 1883 1401 1938 est
1428 1871 1504 1938 mihi
1531 1874 1563 1940 in

254 1985 257 1988 ’
376 1974 408 2052 sl.
434 1967 640 2056 Evangelium
681 1979 824 2034 nostrum
856 1986 921 2032 non
969 1966 1114 2032 salutem:
1139 1967 1196 2033 iste
1221 1967 1305 2031 Deus
1322 1985 1424 2041 mene,
1441 1974 1472 2032 et
1489 1965 1561 2050 glo-

329 2057 442 2126 teitau
464 2081 522 2128 vos
538 2064 570 2128 in
587 2081 738 2128 sermone
749 2070 885 2125 tantumz·
900 2059 920 2100 *
970 2057 1102 2126 rifieaho
1125 2082 1208 2129 eum.
1225 2059 1305 2138 Quia
1323 2055 1459 2124 fidelem.
1485 2055 1563 2124 Glo-
1667 2069 1668 2074 ’

329 2151 386 2220 eod
410 2162 443 2221 el
466 2153 497 2219 in
522 2157 651 2233 virtute,
690 2152 776 2219 etin
801 2151 920 2240 Spiritu
967 2151 1012 2218 ria
1039 2154 1130 2221 Patri.
1155 2150 1398 2233 Quia-fidelem.

329 2244 457 2326 Sancto,
484 2255 519 2314 et
542 2247 573 2312 in
598 2243 795 2335 plenitudine
811 2245 921 2310 multa.
1080 2247 1122 2312 lN
1148 2246 1204 2312 ΙΙΙ.
1230 2243 1453 2314 NOC'l'URNO

376 2337 408 2404 ri.
431 2338 568 2426 Spiritus
593 2339 647 2405 Dei
678 2338 750 2405 iecit
791 2359 852 2418 me,
892 2347 925 2404 et
1019 2339 1143 2428 antiph
1169 2341 1284 2406 Faetus
1323 2348 1371 2404 est
1405 2339 1439 2402 in
1463 2333 1561 2438 cprde

328 2430 524 2522 spiraculum
567 2431 790 2523 omnipotentis
820 2429 924 2500 vivifi·
972 2452 1044 2499 meo
1069 2434 1160 2521 quasi
1190 2433 1269 2520 ignis
1284 2440 1483 2497 exaestuans:
1500 2431 1562 2496 Do·
1667 2493 1668 2497 ,

329 2523 413 2592 cavit
436 2547 496 2593 me.
519 2523 584 2594 Sed
609 2535 640 2593 et
663 2527 695 2591 in
719 2525 844 2593 virtute.
974 2526 1079 2591 minus
1089 2551 1093 2572 ι
1104 2545 1229 2594 mecum
1263 2532 1311 2590 est
1346 2524 1438 2612 quasi
1463 2521 1563 2590 hella-

357 2627 361 2636 '
553 2621 634 2690 Laut.
659 2639 700 2685 vr.
968 2628 1020 2684 tor
1045 2617 1142 2684 tortis.

331 2663 476 2799 Insigne
506 2711 686 2806 prodigium
722 2711 920 2780 dementissi-
1013 2709 1132 2778 Psalm.
1154 2711 1204 2776 ll).
1221 2710 1257 2776 ln
1269 2709 1408 2778 Domino
1422 2705 1561 2776 conlido.

328 2821 403 2869 mus
428 2806 559 2874 Praeses
583 2826 646 2873 non
681 2827 840 2896 supernae
864 2803 920 2872 llei
986 2804 1144 2892 ,antiph
1169 2805 1214 2869 Ex
1238 2803 1389 2871 omnibus
1428 2801 1562 2870 tribula·
1666 2805 1667 2820 ¹

330 2895 465 2979 virtuti,
489 2899 546 2966 sod
571 2900 700 2988 magicis
722 2897 923 2966 cantionibus
970 2897 1112 2965 tionibus
1137 2897 1215 2965 meis
1238 2897 1357 2988 eripuit
1380 2919 1431 2964 me
1454 2897 1564 2962 Domi-

330 2988 492 3073 tribuens,
523 2992 710 3059 sententiam
742 2992 854 3082 capitis
888 2992 921 3058 in
969 3013 1040 3058 nus:
1061 2991 1206 3060 accedite
1239 2990 1281 3058 ad
1304 3012 1407 3072 eum,
1431 3000 1464 3058 et
1486 2988 1561 3056 illu·

329 3080 447 3148 Christi
471 3093 624 3176 martyres
642 3086 863 3175 pronuntiavit.
884 3091 925 3149 At
972 3085 1144 3152 minamini.

331 3175 477 3264 iniquum
513 3175 671 3268 judicium
706 3179 786 3246 ultio
816 3175 923 3244 divina
1016 3178 1133 3244 Psalm.
1163 3176 1214 3242 lt.
1239 3177 1372 3243 Domine
1395 3172 1469 3262 quis
1504 3171 1564 3241 ha·

332 3266 504 3337 subsecuta
528 3281 592 3338 est·
609 3272 688 3338 Nam
714 3270 798 3338 idem
828 3272 922 3338 Prae·
971 3267 1091 3335 hitabit.

330 3380 382 3427 ses
406 3365 508 3431 oculis
533 3377 662 3456 repente
685 3375 808 3454 captus,
841 3386 921 3431 non·
1014 3361 1138 3451 Antiph.
1164 3363 1324 3438 Gloriam,
1352 3368 1384 3428 et
1408 3379 1562 3448 magnum
1664 3359 1665 3432 l

332 3454 392 3520 nisi
418 3469 528 3526 orante
551 3479 626 3526 mox
650 3456 743 3526 heato
770 3457 920 3524 ianuario
968 3451 1116 3522 decorem
1159 3454 1336 3544 imposuisti
1377 3474 1476 3544 super
1500 3474 1562 3534 me,

329 3545 439 3616 lumen
464 3553 591 3643 recepit.
616 3554 688 3632 Quo
705 3548 921 3618 heneficioin·
968 3546 1122 3628 Domine,
1148 3545 1325 3616 laetificasti
1350 3549 1458 3614 mein
1481 3567 1560 3636 gau-

329 3653 439 3730 gratus
463 3642 558 3712 homo
583 3644 680 3712 nihilo
704 3643 857 3732 placatior
873 3642 920 3708 la·
967 3635 1021 3704 dio
1045 3659 1119 3706 cum
1144 3641 1233 3708 vultu
1259 3651 1325 3708 tun.
1372 3701 1374 3708 ,

330 3744 412 3817 ctus,
436 3735 492 3805 sed
519 3739 550 3804 in
573 3758 631 3804 sua
655 3734 793 3814 saevitia,
820 3744 852 3802 et
868 3756 918 3801 re-
1011 3733 1130 3802 Psulm.
1155 3736 1209 3801 20.
1228 3735 1360 3804 Domine
1376 3736 1410 3801 in
1434 3733 1559 3801 virtute

330 3825 455 3916 ligionia
495 3830 569 3899 odio
609 3828 781 3919 persistens
826 3825 923 3894 latam
1015 3835 1045 3902 i.
1071 3819 1182 3916 Ma'gna
1206 3837 1254 3897 est
1277 3827 1375 3916 gloria
1400 3828 1469 3917 ejus
1493 3835 1554 3894 ato.
1662 3893 1663 3898 ,

333 3927 520 3990 sententiam
561 3920 738 3989 executioni
778 3919 922 3988 mandari
1016 3925 1048 4002 [l.
1073 3921 1225 4000 Gloriam,
1252 3931 1283 3989 et
1310 3943 1459 4011 magnum
1476 3929 1536 3990 etc.

331 4018 500 4107 praecepit.
524 4017 637 4105 ltaque
671 4015 784 4084 beatus
808 4017 921 4082 Sosius
1017 4013 1122 4082 Lectio
1147 4017 1252 4083 Sancti
1269 4015 1429 4106 Evangelii
1445 4032 1561 4082 secun·

331 4107 428 4174 vitam
437 4109 922 4178 ecclesiasticoministeriucon-
969 4102 1048 4174 dum
1075 4109 1204 4176 Lucam.

331 4198 488 4288 spicuam,
513 4202 655 4294 fideiqne
676 4203 793 4272 ardore
831 4221 924 4293 prae-
1092 4204 1173 4272 Lect.
1197 4223 1251 4270 vu.
1348 4203 1424 4291 Gap.
1455 4195 1509 4264 ⁴2.

331 4298 469 4360 mmmm
510 4297 636 4387 triginta
676 4315 778 4365 annos
816 4303 922 4378 natue,
971 4249 1028 4364 ln
1053 4293 1112 4366 nto·
1131 4307 1274 4390 ternpore
1295 4293 1374 4362 dixit
1396 4293 1491 4362 lesus
1513 4287 1562 4360 di·
