3584 5034
278 611 358 684 ld,
471 629 472 632 ’
519 619 522 625 ⁴
739 615 867 687 PESTA
890 616 1082 691 innatant
1154 677 1158 683 .

314 795 324 826 3
343 718 467 814 Astapa
484 722 708 798 consolantem
718 749 772 797 me
787 747 901 818 quae·
932 727 1063 797 Adstate
1084 734 1264 798 moerentes
1285 727 1385 810 emet,
1455 734 1459 744 ·

261 825 267 836 ·
299 811 369 894 srvi,
391 824 424 883 et
445 835 512 886 non
534 820 649 889 inveni:
674 819 832 890 dederam
854 820 886 888 in
958 819 1059 889 Pedes
1082 817 1193 889 beatos
1219 820 1338 910 ungite,

298 923 405 973 escam
428 931 532 978 meam
556 912 609 994 sel,
633 923 665 982 et
688 914 720 980 in
742 913 792 980 siti
816 933 887 982 mea
955 910 1072 982 Lavate
1094 911 1182 994 lletu,
1199 908 1316 1005 ¹tergite

288 1001 490 1089 ,potaverunt
513 1025 566 1072 me
579 1007 688 1074 ''acetm
959 1005 1077 1085 Cumis,
1102 1015 1135 1073 et
1158 1024 1214 1072 ore
1236 1003 1374 1091 lambitc

331 1086 471 1182 'Antipd
495 1095 576 1163 Cum
599 1098 773 1189 accepisset
794 1099 888 1170 lesus
936 1097 984 1164 Tu
1008 1097 1144 1164 caritatis
1168 1097 1305 1177 victima,

298 1191 426 1251 aretum
450 1184 535 1256 dixit:
552 1189 813 1258 Consummatum
830 1198 888 1269 est,
960 1189 1003 1259 llt
1025 1186 1133 1257 nostra
1154 1188 1247 1256 tollas
1270 1187 1413 1269 crimina,
1435 1188 1438 1193 ’
1471 1238 1510 1274 .·,

302 1282 335 1342 et
350 1274 890 1373 inclinatocapitoemi'sitspiritum.
961 1278 1062 1348 Nobis
1084 1279 1205 1348 salubri
1227 1279 1355 1372 perticis

300 1395 342 1508 F
439 1371 542 1461 Capit.
581 1386 604 1416 ’-
636 1375 687 1442 Ad
711 1373 796 1444 raa.
821 1374 853 1441 2.
962 1372 1175 1464 Adoptionem
1198 1375 1363 1463 sanguine.
1401 1445 1404 1452 ,
1532 1402 1533 1405 “

343 1467 452 1542 ratres,
477 1462 539 1532 hoc
554 1465 638 1534 enim
655 1467 767 1534 sentite
783 1466 814 1532 in
830 1485 888 1533 vo·
935 1465 1051 1534 Nostra
1074 1486 1152 1556 ergo
1174 1486 1248 1556 pax,
1272 1477 1305 1534 et
1327 1458 1493 1554 gandium

300 1547 371 1634 bis,
396 1554 486 1642 quod
520 1569 551 1624 et
575 1560 608 1623 in
642 1556 765 1632 Christo
801 1559 889 1638 lesu,
960 1558 1010 1626 Sis
1034 1559 1109 1638 vita,
1134 1561 1210 1624 lesu
1233 1567 1267 1626 et
1288 1553 1478 1649 praeminuit

233 1683 236 1690 ,
300 1643 358 1734 qni
382 1665 456 1712 cum
474 1647 624 1716 informa
641 1649 698 1718 Dei
716 1660 891 1732 esset‚non
960 1649 1010 1717 Sis
1035 1646 1161 1730 ductor,
1184 1658 1217 1716 et
1238 1648 1296 1717 lux
1318 1644 1436 1729 invia,

299 1736 444 1825 rapinam
480 1739 653 1810 arbitratus
687 1753 739 1811 est
765 1761 896 1812 essese
962 1741 1095 1820 llerces,
1117 1759 1244 1808 corona.
1260 1740 1295 1807 in
1316 1734 1428 1833 patria.

299 1828 468 1917 aequalem
492 1833 571 1914 [teor
596 1833 654 1902 sed
685 1837 891 1926 semetipsum
1007 1837 1118 1899 Amen.

301 1919 471 1990 exinanivit
485 1925 620 1994 formam
636 1929 719 1996 servi
730 1927 889 2018 accipiens
981 1921 1012 1990 s.
1038 1925 1111 2015 lpse
1127 1919 1313 1994 vulneratus
1329 1930 1379 1991 est
1398 1928 1531 2016 propter
1617 1922 1620 1929 '

299 2010 583 2095 imsimilitudinem
600 2018 891 2096 hominumiactus,
922 2014 1119 2106 &iniquitates
1142 2027 1291 2085 nostras..

218 2134 220 2138 ’
299 2112 332 2171 et
357 2104 467 2176 habitu
485 2109 631 2178 inventus
648 2119 685 2176 ut
700 2109 806 2178 homo.
822 2110 891 2174 lin·
985 2117 1017 2192 ra.
1042 2103 1082 2176 Et
1104 2109 1227 2179 attritus
1243 2119 1292 2178 est
1307 2115 1439 2202 propter
1461 2124 1532 2176 scc-

172 2245 180 2260 .
299 2194 431 2266 initiavit
453 2202 659 2290 semetipsum
684 2202 790 2269 lactus
813 2199 891 2268 abe·
938 2199 1006 2272 tera
1028 2212 1147 2277 nostra.
1186 2202 1193 2255 ἶ
1251 2226 1274 2255 ,-

298 2283 389 2356 diens
412 2292 574 2379 usquead
592 2297 738 2375 mortem,
755 2303 892 2364 mortem
1019 2295 1071 2363 Aa
1094 2291 1294 2376 Benedictus,
1320 2262 1446 2382 Antipli.

302 2389 411 2450 autem
434 2384 556 2452 crucis·
590 2431 591 2436 κ
987 2383 1038 2453 ad
1062 2390 1172 2455 lesum
1196 2397 1304 2454 autem
1327 2404 1404 2451 cum
1426 2382 1532 2453 venis

270 2526 272 2530 .
302 2500 341 2618 S
521 2477 680 2569 asymam.
774 2475 779 2488 '
940 2486 1022 2560 sent,
1048 2487 1084 2550 ut
1099 2477 1248 2546 viderunt
1269 2499 1344 2546 eum
1355 2477 1423 2564 jam
1446 2494 1534 2541 mor·

325 2586 423 2636 ,aevo
447 2565 596 2640 dolorum
619 2569 748 2641 turbine
870 2621 872 2628 .
941 2580 1045 2651 tuum,
1070 2590 1136 2637 non
1160 2569 1323 2657 inegerunt
1339 2568 1409 2656 ejus
1426 2584 1534 2645 crura;

326 2659 479 2742 lactatur,
502 2663 579 2732 atris
602 2662 740 2748 obrutus
943 2660 1002 2731 sed
1025 2683 1111 2729 unus
1142 2661 1277 2728 militum
1296 2659 1421 2727 -lancea
1447 2658 1534 2726 latus

326 2749 452 2833 Poenis,
476 2754 592 2824 acerba
615 2757 775 2826 sustinens
941 2754 1013 2844 ejus
1035 2754 1169 2845 aperuit,
1193 2761 1226 2821 et
1250 2749 1403 2823 continno
1438 2749 1534 2821 exivit

326 2841 519 2935 Redemptor
542 2846 657 2914 affixus
680 2848 781 2916 cruci.
944 2848 1086 2937 sanguia,
1110 2856 1143 2915 et
1157 2865 1252 2933 aqua.
1348 2892 1352 2898 -

304 2931 419 3016 Pedes,
444 2957 624 3026 manusque
647 2937 789 3007 horribili
945 2965 992 3080 Ο
1182 2935 1294 3006 Oratio

329 3021 419 3093 clavi
443 3037 611 3096 cruentant
634 3024 780 3110 vulnere,
994 3029 1174 3119 mnipotens
1208 3029 1399 3118 sempiterne
1438 3027 1536 3106 Dens,
1667 3010 1668 3019 ἵ

328 3113 402 3199 Cor,
426 3120 546 3200 vultus,
569 3130 669 3203 artus,
695 3130 827 3210 pectora

328 3206 427 3280 Sacro
450 3211 631 3281 redundant
653 3213 815 3302 sanguine.
945 3139 1028 3276 dum
1043 3209 1226 3280 humilitatis
1249 3209 1443 3298 exemplum,
1469 3204 1539 3272 Sal-
1667 3250 1668 3257 κ

185 3369 189 3376 ,
306 3300 385 3383 Flet,
410 3314 488 3385 orat,
512 3311 552 3374 et'
567 3306 708 3374 olamans
732 3303 807 3373 obit:
892 3351 895 3358 ·
947 3312 1090 3371 vaterem
1114 3312 1259 3371 nostrum
1282 3321 1411 3371 carnem
1431 3317 1540 3366 sume-

332 3392 396 3461 Cor
419 3395 526 3464 Matris
550 3399 648 3466 ictum
671 3397 818 3467 concidit:
946 3415 993 3477 re,
1009 3405 1041 3464 et
1056 3414 1187 3463 crucem
1210 3393 1319 3462 subire
1336 3390 1444 3460 iecisti:
1461 3409 1541 3458 con·
1667 3452 1668 3475 ,

330 3485 404 3554 Heu
428 3488 541 3557 Materl
565 3490 629 3558 heu
655 3491 728 3558 Filii
752 3487 846 3559 dolor
872 3559 879 3572 ,
947 3485 1027 3556 mdc
1037 3486 1207 3578 propitius3
1220 3496 1257 3553 ut
1270 3485 1355 3553 sicut
1364 3483 1541 3552 solemnem
1667 3516 1668 3533 ι

329 3577 462 3667 ingrata
480 3581 603 3670 frangat
625 3592 763 3674 pectora.
944 3578 1279 3648 commemorationem
1296 3575 1454 3645 Passionis
1470 3574 1541 3662 ejus
1667 3612 1668 3625 κ

307 3671 439 3753 Montes,
465 3672 644 3764 sepulchra,
669 3693 822 3763 saxaque,
947 3670 1157 3750 celebramus,
1198 3670 1262 3752 ita,
1302 3679 1335 3738 et
1372 3667 1542 3760 patientiae
1667 3698 1669 3713 =

331 3763 537 3848 scinduntur,
563 3788 650 3849 arva,
676 3764 817 3846 flumina,
951 3763 1051 3854 ipsius
1074 3761 1192 3833 habere
1215 3760 1418 3843 documenta,
1444 3770 1476 3828 et
1491 3779 1540 3827 rc·

331 3855 449 3947 Rupes,
469 3869 506 3928 ¹et
528 3879 651 3949 aequor
674 3863 887 3946 contremunt
942 3855 1148 3924 surrectionis
1173 3854 1333 3924 consortia
1350 3869 1538 3926 mereamur.

333 3947 520 4042 Templiqne
542 3952 654 4037 velum,
674 3948 839 4017 scinditur.
920 4019 924 4026 ,
948 3944 1011 4016 Per
1033 3945 1183 4016 eumdem
1208 3947 1390 4014 Dominum.
1530 4030 1537 4044 Ι

309 4038 376 4119 Sol,
400 4042 487 4126 luna,
511 4044 651 4125 coelum,
676 4040 798 4126 sidera¹
996 4040 1048 4112 Ad
1071 4038 1218 4108 Primam
1240 4038 1277 4106 in
1299 4041 1333 4118 al.
1358 4039 1403 4106 dr.
1425 4034 1456 4103 i.
1475 4032 1539 4114 Qun

334 4130 503 4222 Plangunt,
527 4147 560 4208 et
584 4135 670 4205 orbis
692 4131 831 4224 ingemit:
948 4149 1010 4226 pro
1033 4129 1127 4199 nobis
1149 4131 1214 4221 pati
1237 4130 1385 4222 dignatus
1408 4143 1453 4194 es.

335 4219 365 4292 0
389 4244 448 4294 vos
471 4227 544 4311 viri,
567 4249 626 4298 vos
649 4224 786 4320 parvuli,
897 4274 900 4279 -
1055 4222 1106 4291 Ad
1133 4221 1284 4305 Tertiam,
1310 4217 1434 4307 antipa

336 4316 471 4413 Nuptae,
495 4321 622 4415 puellae
644 4317 790 4414 plangite.
895 4401 897 4406 ¹
992 4313 1071 4388 Veni
1093 4312 1136 4387 ad
1160 4324 1301 4412 montem
1323 4307 1480 4403 myrrhae

970 3119 1002 3185 ni
1027 3117 1168 3187 humano
1191 3118 1311 3206 generi,
1333 3116 1375 3184 ad
1412 3117 1537 3182 imitan·
1667 3160 1668 3167 κ
