3584 5034
331 597 376 665 ao
680 559 691 632 ἶ
756 578 884 662 unsri
900 593 1129 664 sanamur
1215 563 1218 567 ’

331 715 417 776 recte
440 703 688 776 administrando
723 705 917 798 Episcopatu
964 704 1099 799 perinde
1122 708 1256 789 curauit,
1269 727 1319 774 ‘ac
1343 724 1420 774 suae
1450 716 1558 775 essent
1614 736 1617 742 ¹

332 799 465 870 consilio
480 809 619 892 etopara
626 798 719 890 juvit,
731 799 919 866 Diuinorum
966 799 1083 868 tutelae
1094 801 1292 868 commissae.
1305 798 1559 880 Cardinalatu,et

329 893 607 983 contemplatione,
630 874 775 983 obrporis
813 912 920 960 mace·
966 892 1146 984 Episcopali
1186 894 1344 981 llignitate
1391 886 1566 984 depositis,

276 989 278 999 “
329 985 516 1068 rationibus,
542 986 740 1076 caeterisque
763 995 922 1076 spectatae
968 987 1044 1053 nihil
1069 985 1110 1053 de
1132 986 1263 1076 pristina
1288 984 1424 1074 juvandi
1451 987 1559 1076 proxi·

331 1080 558 1148 sanctimoniae
574 1080 734 1171 ,exemplis
758 1079 920 1146 excelluit.
966 1099 1038 1147 mos
1061 1076 1228 1146 sedulitate
1251 1079 1380 1147 remisit.
1396 1080 1558 1167 lejunium
1665 1138 1666 1143 ,

331 1173 389 1240 llis
413 1182 519 1242 motus
543 1171 721 1264 Stephanus
749 1171 802 1236 lx.
837 1172 921 1238 Pon·
967 1182 1073 1240 sextae
1090 1173 1199 1240 Feriae
1215 1175 1245 1238 io
1259 1173 1417 1240 honorem·
1430 1175 1461 1238 S.
1478 1172 1559 1240 Cru-

332 1262 418 1333 tilen¹
432 1261 586 1334 Maximus
602 1288 677 1334 eum
694 1263 768 1332 lieet
782 1264 920 1342 ¹inuitum
968 1266 1015 1333 cis
1038 1268 1114 1332 lesu
1140 1265 1263 1333 Christi:
1289 1265 1430 1333 horarias
1446 1267 1560 1336 lleatae
1665 1334 1666 1341 ,

330 1369 363 1426 et
380 1359 584 1428 reluctantem
611 1359 743 1450 Sanctae
762 1353 921 1430 Romanae
965 1359 1024 1426 Oai
1037 1359 1204 1429 Genitricis
1217 1379 1339 1451 preces,
1355 1360 1491 1449 ejusque
1507 1358 1558 1427 die
1665 1398 1666 1407 κ

224 1475 228 1482 ·
331 1451 492 1522 Ecclesiae
517 1450 715 1534 Cardinalem
740 1451 868 1523 creavit,
888 1462 920 1518 et
942 1490 946 1494 Α
967 1451 1109 1520 Sabbata
1140 1453 1264 1521 cultum
1287 1452 1485 1544 propagauit.
1507 1453 1558 1518 ln·
1665 1482 1666 1485 ¹

272 1599 276 1606 .
332 1545 510 1614 Ostiensem
535 1545 737 1636 Episcopum.
756 1545 844 1624 Quas
862 1545 920 1612 Pe·
968 1546 1118 1614 ferendae
1143 1568 1276 1636 quoque
1291 1546 1350 1613 sibi
1367 1545 1560 1613 verberatio·
1665 1552 1666 1611 l

331 1646 400 1706 trus
442 1639 611 1728 Dignitates
660 1635 923 1726 splendidissimis
968 1640 1018 1705 nis
1042 1661 1164 1706 morem
1188 1640 1229 1705 ad
1269 1648 1465 1729 patratorum
1491 1659 1561 1707 sce·

294 1773 298 1780 ·
332 1729 524 1811 uirtutibus,
549 1741 580 1800 ot
605 1731 825 1799 consentaneis
849 1732 941 1822 Epi·⁴
970 1730 1073 1798 lerum
1089 1731 1311 1821 ‘expiationem
1327 1731 1479 1822 prouexit.
1498 1733 1561 1799 lle-

277 1881 279 1886 .
330 1823 450 1916 scopali
463 1823 635 1893 ministerio
650 1823 807 1917 oporibus
820 1826 926 1915 gessit.
967 1845 1057 1891 mum
1081 1826 1254 1905 sanctitate,
1279 1821 1432 1902 doctrina,
1447 1853 1452 1860 ·
1466 1824 1562 1907 mira-

380 1921 413 1997 Β.
437 1917 543 1988 Posui.
762 1927 765 1934 ⁴
812 1927 829 2004 j
942 1983 946 1991 ,
974 1915 1066 1997 culis,
1090 1929 1122 1984 et
1145 1917 1307 2007 praeclare
1318 1915 1396 1983 actis
1418 1914 1561 1997 illustris,

553 2013 635 2081 dect.
660 2029 702 2076 ur.
937 2030 942 2041 ·
972 2007 1052 2076 dum
1075 2032 1094 2078 e
1119 2011 1299 2078 Rauennate
1324 2009 1494 2098 legatione
1510 2030 1562 2076 ra·

291 2171 294 2179 ,
331 2058 554 2264 1)ῖῶᾇέΙίωο
579 2114 722 2194 tempore
763 2103 924 2169 Romanae
971 2101 1063 2184 diret,
1089 2102 1258 2172 Fauentiae
1280 2113 1394 2171 octauo
1410 2100 1562 2170 kalendas

332 2197 455 2272 Ecclesi
475 2211 504 2277 e,
528 2197 735 2284 Summisque
763 2193 924 2262 Pontifici·
971 2197 1071 2263 Martii
1084 2197 1229 2287 migravit
1239 2197 1280 2264 ad
1297 2195 1467 2286 §hristum
1485 2196 1563 2284 Ejus

259 2289 293 2346 l¹
328 2288 392 2358 bus
415 2288 569 2368 doctrina,
596 2285 838 2376 Legationibus,
864 2281 922 2355 ali·
969 2283 1101 2382 Corpus
1111 2289 1226 2358 ibidem
1239 2290 1327 2387 apud
1340 2289 1562 2358 Cistercienses

317 2383 427 2468 ¹'isque
438 2382 595 2472 susceptis
612 2379 775 2448 laboribus
793 2379 927 2450 mirifice
974 2384 1082 2451 multis
1098 2383 1258 2450 ldiraculis
1273 2384 1395 2450 clarum
1410 2382 1561 2471 frequen·

332 2475 445 2543 adluit.
461 2473 625 2543 Aduersus
644 2469 871 2552 Nicolaitarum
895 2485 928 2544 et
974 2477 995 2543 ti
1015 2477 1210 2568 Populorom
1224 2476 1425 2545 ueneratione
1436 2475 1561 2543 colitur.

266 2629 300 2664 u
330 2568 546 2646 simoniacam
571 2569 726 2646 Haereses
739 2568 779 2635 ad
791 2580 926 2638 mortem
974 2571 1085 2661 lpsum
1121 2567 1283 2637 Ferentini
1310 2587 1375 2634 non
1406 2567 1503 2634 semel
1529 2567 1562 2634 in

334 2683 441 2754 usque
463 2672 594 2730 strenuo
611 2661 791 2731 decertavit.
808 2664 928 2754 Hujus·
972 2662 1131 2755 praesenti
1172 2662 1352 2730 discrimine
1390 2660 1562 2751 propitium
1665 2646 1666 2677 ¹

334 2756 422 2824 modi
445 2755 587 2847 depulsis
604 2757 695 2822 malis
706 2755 927 2824 vllediolanen-
973 2751 1094 2848 experti
1122 2758 1305 2824 latronum
1345 2753 1431 2847 apud
1461 2755 1564 2821 Deum

251 2903 257 2911 .
331 2863 403 2928 sem
419 2849 579 2918 Ecclesiae
590 2849 754 2928 ,Romanae
777 2849 927 2918 concilia·
974 2849 1171 2942 delegerunt:
1197 2843 1260 2919 Lao
1287 2867 1365 2919 uero
1404 2847 1564 2914 Duodeci-

203 2969 208 2978 ·
248 2932 310 3036 st„
333 2943 389 3010 vit.
412 2940 593 3021 Benedicta,
618 2952 651 3009 et
674 2941 813 3010 Cadolao
838 2943 925 3012 salsis
972 2967 1046 3012 mus
1071 2944 1214 3012 Pontilex
1238 2945 1396 3011 Maximus
1413 2940 1564 3009 Officium

332 3034 541 3103 Pontificibus
565 3033 688 3102 sortiter
703 3035 823 3103 restitit.
843 3037 930 3106 Hen-
977 3037 1212 3127 blissamqueiu
1225 3037 1460 3125 ejushonorem
1484 3042 1564 3100 tam-

293 3141 305 3170 ‘
334 3129 444 3198 ricum'
462 3136 614 3217 quartum
654 3127 841 3196 Germaniae
868 3131 928 3198 Re-
975 3127 1461 3220 quamConfessorisPootificis‚
1479 3146 1564 3214 quae

333 3244 406 3312 gem
430 3220 472 3289 ab
497 3219 607 3310 iniquo
643 3220 757 3298 Uxoris
787 3219 938 3289 divortio·
971 3221 1135 3312 aliquibus
1157 3222 1189 3288 iu
1214 3220 1429 3301 Dioecesibus,
1465 3229 1565 3307 atque

334 3314 496 3383 deterruit:
522 3316 718 3383 Ravennates
741 3311 781 3380 ad
818 3312 927 3382 debita
972 3315 1006 3382 in
1031 3314 1151 3385 Ordine
1175 3313 1465 3382 Camaldolensium
1494 3311 1564 3399 jam

333 3409 477 3477 Romano
502 3406 645 3476 Pontifici
663 3407 819 3497 obsequia
834 3428 927 3476 reuo·
975 3407 1230 3489 celebrabantur,
1254 3429 1295 3475 ex
1317 3408 1488 3475 Sacrorum
1513 3405 1579 3472 lli·¹

334 3512 424 3569 catos
447 3502 547 3570 sacris
579 3501 722 3570 restituit.
747 3503 925 3569 Canonicos
972 3511 1064 3569 tuum
1105 3501 1362 3590 Congregationis
1410 3497 1578 3568 Consulto*

335 3594 513 3664 Veliternos
536 3593 577 3662 ad
599 3596 766 3664 sanctioris
783 3595 863 3662 vitae
879 3595 925 3664 le·
972 3593 1080 3661 addita
1103 3595 1250 3662 Doctoris
1267 3590 1476 3685 qualitatem
1492 3593 1564 3660 uni-

335 3709 392 3780 ges
409 3688 599 3780 composuit.
612 3687 647 3754 ln
661 3687 826 3756 Provincia
838 3709 930 3779 prae·
974 3710 1100 3757 uersam
1124 3686 1264 3757 extendit
1286 3687 1473 3756 Ecclesiam.
1498 3765 1507 3792 δ

337 3782 446 3850 sertim
473 3780 622 3852 Urbinatc
646 3781 699 3849 uix
723 3782 789 3849 ulla
813 3782 929 3849 luitE·
1024 3792 1056 3868 ιζ.
1081 3783 1144 3850 lste
1167 3791 1223 3849 est.
1497 3802 1500 3809 ·

338 3875 510 3967 piscopalis
534 3875 685 3957 Ecclesia,
713 3873 844 3965 deque
873 3877 931 3944 Pe-
1088 3877 1132 3943 lN
1156 3873 1214 3940 ln.
1239 3875 1464 3945 llOCTUliNO

338 3980 415 4049 trus,
431 3988 495 4036 non
519 3970 559 4037 sit
576 3967 804 4050 benemeritus;
821 3970 929 4057 Eugu-
1023 3968 1167 4038 Homiiio
1192 3969 1227 4036 io
1265 3969 1473 4057 Eooopeliom
1501 3963 1567 4032 Vos

339 4057 459 4143 binam,
476 4060 759 4154 quamaliquando
775 4061 929 4130 creditam
976 4063 1052 4130 estis
1077 4062 1123 4130 sal
1147 4073 1250 4132 terrae
1266 4065 1304 4131 de
1324 4056 1489 4132 Cmamuni
1508 4060 1569 4125 Do-

339 4150 461 4235 babuit,
485 4155 593 4226 multis
614 4155 731 4226 leuauit
755 4155 930 4224 incommo·
977 4167 1106 4239 etorum3
1124 4154 1159 4225 in
1175 4155 1335 4246 (luodropj
1347 4174 1389 4224 rx.
1401 4153 1468 4222 lect.
1477 4153 1567 4221 Hom.

342 4245 401 4315 dia:
425 4245 502 4318 alias
525 4249 611 4336 alibi,
632 4247 763 4346 quaudo
778 4249 930 4344 oportuit,
978 4251 1049 4320 Fer.
