3584 5034
310 546 352 612 rs
608 579 613 590 ·
731 547 857 628 resur
882 550 1098 649 rnnnnrnn
1186 625 1190 631 ,

305 653 391 725 tibus
415 653 631 729 admirabilem
655 657 792 742 effecisti:
815 683 894 740 cone
939 665 1076 734 enimam
1093 666 1214 758 agebat.-
1222 667 1357 740 illustris
1365 691 1444 743 sane
1459 683 1528 747 tum
1653 654 1655 663 ¹

304 748 385 818 cede
408 752 588 842 propitius,
614 764 651 823 ut
673 747 778 838 illius,
803 767 834 824 et
858 757 891 825 in
938 774 1120 850 corporum,
1144 772 1213 832 tum
1228 766 1405 838 animarum
1426 767 1528 838 medi-

302 840 368 910 lide
390 847 596 916 constantiam
619 847 788 931 imitemur,
804 861 836 920 et
859 852 891 919 in
939 851 1008 932 cus,
1032 872 1096 920 non
1114 852 1263 940 humana,
1279 858 1338 927 sed
1353 859 1462 929 divina
1475 883 1527 930 er-
1556 890 1563 906 ·

301 937 451 1026 periculis
489 937 662 1033 patrocinia
705 945 887 1017 sentiamus.
935 953 988 1025 tes
1001 965 1065 1013 non
1094 951 1210 1038 peratis
1233 963 1389 1037 enatura
1423 975 1526 1024 remo·

301 1032 362 1102 Per
384 1032 564 1120 Dominum.
664 1065 668 1072 ·
743 1077 747 1084 -
876 1033 878 1038 ’
932 1037 1003 1118 diis,
1028 1038 1086 1107 sed
1109 1041 1221 1111 Christi
1245 1046 1344 1134 gretia
1358 1067 1525 1138 compara-

369 1124 413 1190 ΙΝ
437 1128 563 1196 PRIMO
588 1127 811 1202 NOCTURNO
938 1131 992 1212 tis²
1012 1141 1124 1223 aegros
1147 1137 1296 1226 pristinae
1319 1139 1413 1208 saluti
1436 1141 1526 1210 resti-

323 1225 405 1293 Lect.
429 1225 456 1284 Α
481 1221 594 1292 Mileto.
936 1226 1004 1305 tuit;
1031 1228 1117 1294 omni
1140 1229 1211 1298 lere¹
1229 1232 1456 1301 miraculorum
1472 1255 1528 1323 ge-

332 1317 375 1387 ΙΝ
400 1310 589 1385 SECUNDO
619 1315 841 1390 NOCTURNO
937 1340 1014 1388 nero
1029 1320 1324 1412 consummem
1341 1325 1453 1394 Christi
1470 1349 1527 1395 su·

373 1475 374 1479 ,
469 1488 474 1498 ,
528 1410 610 1479 Lect.
636 1430 676 1477 ru.
808 1429 810 1434 ·
933 1432 992 1504 per
1014 1434 1116 1504 equas
1139 1416 1352 1502 ambulantis,
1376 1429 1409 1488 et
1439 1419 1526 1489 Eliae

298 1459 452 1575 Blasius
475 1501 658 1594 Cappadox,
682 1501 779 1572 nobili
794 1525 889 1595 gene·
936 1507 1128 1597 Sareptenae
1143 1509 1429 1580 viduaeanncuam
1441 1512 1526 1582 mul·

296 1620 333 1682 pe
356 1612 455 1675 ortus,
487 1597 637 1667 Sebastae
660 1596 693 1662 in
723 1595 889 1690 Cappado·
935 1599 1103 1690 tiplicantis
1126 1603 1281 1670 miracula
1304 1606 1479 1674 renovavit.

296 1694 346 1763 cia
370 1715 410 1761 cx
430 1688 552 1757 lledico
569 1689 746 1781 Episcopus
761 1702 886 1762 creatus
978 1703 1011 1779 e.
1036 1692 1234 1762 Desiderium
1258 1696 1382 1766 animae
1405 1707 1466 1768 etc.

173 1795 176 1804 ’
294 1797 353 1870 est,
377 1796 610 1874 etcorporum
634 1784 788 1853 curationi
817 1787 885 1854 ani·
1176 1788 1258 1856 beet.
1290 1809 1333 1856 vr.

293 1901 420 1948 marum
455 1897 539 1959 cura,
568 1877 765 1948 succederet.
799 1881 882 1948 Huic
931 1824 1175 1947 Atroeissimts
1186 1881 1360 1963 tormentis,
1368 1881 1523 1952 crudelis·

290 1975 416 2044 muneri
439 1992 515 2042 cum
538 1971 700 2052 sedulam,
727 1969 765 2041 ae
796 1975 882 2064 piem
912 1972 1000 2040 'simi
1023 1971 1179 2040 Praesidis
1206 1973 1324 2063 jussu,
1358 1975 1522 2046 cruciatus

290 2086 421 2158 operam
444 2079 590 2149 navaret,
614 2065 682 2132 dire
711 2074 881 2156 tempestas
928 2065 996 2133 tuit.
1029 2065 1126 2134 Duris
1160 2067 1350 2138 verberibus
1383 2089 1499 2139 caesus
1512 2077 1534 2154 ,’

290 2159 446 2229 adversus
481 2158 673 2228 Christianos
707 2177 727 2223 a
760 2159 879 2226 Licinio
928 2169 1032 2228 tortus
1055 2159 1086 2225 in
1110 2159 1234 2244 eculeo,
1258 2160 1437 2253 pectinibus
1458 2164 1523 2234 ier·

291 2251 438 2344 Tyranno
461 2253 592 2321 excitata
609 2252 676 2319 luit.
694 2250 816 2320 Blasius
833 2251 880 2319 di·
927 2253 989 2322 reis
1005 2251 1183 2335 dilaniatus,
1199 2255 1345 2324 candenti
1360 2255 1461 2327 lorica
1471 2257 1520 2325 in·

288 2344 364 2414 vino
382 2346 543 2427 instinctu,
560 2344 672 2440 Christi
689 2345 831 2428 consilio,
848 2355 880 2414 ct
927 2345 1051 2428 dutus,
1091 2346 1226 2437 aliisque
1249 2349 1520 2442 acquisitissimis

288 2441 435 2532 exemplo
459 2442 491 2508 in
516 2450 656 2530 monam
671 2441 830 2528 Argecum
847 2461 882 2508 se
929 2439 1094 2532 suppliciis
1117 2438 1250 2509 affectus
1273 2452 1330 2510 est.
1355 2442 1418 2510 Sed
1449 2443 1520 2531 ejus

287 2535 429 2626 recepit,
454 2553 492 2601 ac
520 2553 592 2602 sese
625 2533 657 2600 in
692 2531 879 2624 speluncam
925 2532 1007 2602 [ides
1029 2531 1159 2626 probari
1177 2531 1307 2623 quidem
1322 2535 1435 2626 potuit,
1452 2555 1519 2603 non

193 2624 198 2643 '
288 2623 420 2708 abdidit,
442 2628 475 2695 in
499 2647 683 2718 quarerum
700 2625 878 2695 divinarum
924 2631 1031 2696 tamen
1054 2625 1147 2695 vinci.
1171 2626 1347 2696 Dilacerato
1371 2648 1518 2720 corpore,

287 2723 542 2813 contemplationi
572 2741 700 2802 vacans,
730 2719 771 2788 ab
801 2721 877 2812 ipsis
924 2721 1078 2789 infractus
1100 2718 1225 2788 animus
1241 2721 1363 2790 restitit.
1378 2721 1520 2790 Tandem

286 2812 374 2897 feris,
386 2817 509 2886 nativae
521 2815 649 2884 feritatis
664 2813 780 2896 oblitis,
796 2833 879 2906 quo·
924 2814 1010 2884 victo
1033 2815 1057 2880 Τ
1081 2833 1191 2895 ranno,
1209 2814 1312 2906 capite
1330 2816 1456 2907 plexus,
1481 2815 1520 2882 il·

287 2903 441 2975 tidienum
464 2908 583 2981 vietum
600 2908 732 2998 accepit,
748 2918 779 2977 et
794 2906 879 2976 mul·
922 2908 1023 2976 lustre
1053 2836 1128 2976 huet
1156 2907 1370 2979 testimonium
1405 2907 1518 2980 Eccle-

289 2999 329 3067 tis
353 2999 516 3091 obsequiis
539 2998 646 3068 cultus
669 3010 727 3068 est.
924 3003 991 3070 siae
1005 3001 1134 3091 reliquit
1150 3004 1242 3071 tertio
1258 3023 1360 3072 nonas
1375 3002 1517 3073 Februa·

333 3101 366 3180 rt.
389 3095 566 3164 Honestum
591 3092 667 3162 lecit
688 3102 748 3162 etc.
922 3095 961 3162 rii
985 3098 1080 3160 Anne
1097 3091 1210 3160 Christi
1226 3095 1517 3182 trecentesimode·

370 3237 372 3242 -
466 3244 470 3252 .
519 3188 602 3257 Lect.
635 3206 666 3254 v.
925 3185 1009 3254 cimo
1032 3194 1147 3254 sexto·

287 3229 354 3346 lbi
378 3279 498 3350 tamdiu
509 3281 610 3362 latuit,
626 3279 704 3349 dum
726 3276 768 3348 ab
785 3277 876 3368 Agri·
968 3282 1003 3360 ri.
1025 3278 1146 3346 stolam
1164 3267 1375 3366 jucunditatis
1397 3286 1456 3348 etc.

286 3371 540 3458 colaiPreesidis
557 3373 708 3458 militibus
724 3391 803 3442 casu
818 3369 877 3441 de·
981 3370 1026 3441 IN
1050 3371 1198 3438 TERTIO
1222 3371 1455 3442 NOC'lURNO.
1476 3411 1480 3422 ·

283 3464 472 3558 prehensus,
496 3466 570 3536 inde
584 3466 772 3546 abstractus,
790 3463 873 3534 etad
967 3464 1075 3534 Lectio
1098 3464 1209 3534 Sancti
1226 3464 1385 3558 Evangelii
1396 3484 1512 3535 secun

284 3559 465 3632 Praesidem
490 3558 617 3642 ductus,
635 3559 719 3628 illius
730 3561 825 3648 jussu
842 3558 873 3626 in
921 3555 1000 3625 dum
1023 3557 1224 3626 hetthaeum.

284 3654 412 3723 vincula
442 3654 605 3743 conjectus
628 3663 684 3721 est.
709 3651 772 3721 Sed
806 3652 874 3720 vin·
1047 3653 1131 3721 Lect.
1154 3671 1209 3719 rrr.
1260 3653 1335 3742 Cup.
1368 3654 1410 3720 l0
1434 3653 1465 3722 d.

282 3756 354 3814 ctus
379 3747 456 3838 ipse,
480 3746 598 3814 multos
614 3766 697 3836 quos
714 3747 783 3834 ejus
799 3766 873 3813 san-
921 3698 978 3812 ln
1000 3744 1054 3812 illo
1079 3755 1231 3837 tempore:
1257 3745 1442 3817 DixitJesus
1464 3747 1511 3815 di-

280 3841 447 3910 ctimoniae
478 3840 562 3907 lame
590 3840 756 3921 acciverat,
781 3861 800 3908 a
823 3838 871 3905 di·
918 3837 1049 3929 scipulis
1072 3840 1149 3906 suis:
1174 3839 1254 3908 Cum
1278 3851 1510 3933 persequentur

280 3954 447 4003 versorum
471 3933 658 4002 morborum
682 3932 817 4001 vinculis
833 3933 870 3999 li·
917 3952 976 4002 vos
1011 3932 1042 4000 in
1083 3933 1208 4004 civitate
1231 3933 1300 4018 ista,
1340 3935 1438 4028 sugite
1476 3932 1509 4000 in

280 4023 410 4096 beravit
426 4029 464 4097 In
479 4027 528 4098 his
551 4049 632 4120 puer
648 4025 717 4107 luit,
735 4026 790 4117 qui
816 4023 872 4094 dc-
918 4024 1023 4093 eliam.
1046 4025 1085 4092 St
1108 4028 1241 4119 relique.

280 4129 405 4210 sperata
428 4114 603 4214 assmedicis
634 4119 753 4199 salute,
785 4119 870 4186 tran'·
940 4118 1078 4188 Homilia
1100 4141 1125 4186 s.
1149 4120 1309 4191 Athanasii
1326 4118 1485 4222 Episcopi.

279 4233 388 4286 sverm
403 4214 494 4310 spine
509 4213 657 4286 faucibus
678 4209 869 4295 inhaerente,
914 4210 955 4289 In
969 4214 1182 4306 epopdmupn
1196 4237 1265 4300 suc,
1274 4225 1344 4284 nate
1357 4211 1505 4316 cedrum.
