3584 5034
727 572 855 650 unsis
883 571 1026 649 itanu!
1442 579 1486 646 53

309 689 342 768 n.
367 683 656 754 Dinumeravovunt
670 679 853 752 omnia'os-
901 679 1039 755 otiatus
1059 690 1119 763 cst,
1151 684 1233 772 quia
1270 685 1340 776 ipso
1360 683 1486 767 voluit,

265 794 301 842 sa
325 795 406 846 ovea.
719 811 721 818 ·
900 785 933 844 et
952 796 1020 844 oon
1053 776 1179 866 aporuit
1200 795 1240 844 on
1261 797 1367 866 suam:
1402 779 1487 853 aiem

385 872 433 940 Do
455 869 540 938 isaia
561 867 728 963 Propheta.
896 867 967 936 ovis
990 866 1033 936 ad
1060 869 1253 944 occisionum
1275 869 1424 954 Mutatur,
1453 881 1488 942 at

360 1019 372 1044 'l
461 965 545 1034 Lect.
568 985 590 1038 1.
698 963 855 1055 Capilli.
902 962 994 1052 quasi
1018 983 1120 1050 agnus
1147 983 1255 1033 comm
1279 964 1431 1034 londonio
1452 985 1489 1036 so

263 1011 377 1154 Quis
400 1057 534 1136 credidit
556 1055 680 1136 auditui
703 1067 812 1125 nostro
835 1056 853 1122 l
902 1054 1112 1136 obmutescet,
1143 1066 1176 1124 ot
1209 1077 1273 1125 non
1309 1059 1429 1152 aperiet
1451 1078 1489 1128 os

167 1202 172 1218 .
257 1163 295 1222 at
318 1150 482 1242 brachium
512 1153 638 1222 Domini
661 1143 853 1220 onircvela·
901 1171 1007 1234 suum.
1023 1150 1236 1238 Dcangustia
1253 1160 1285 1220 ct
1308 1150 1349 1218 d'o
1366 1150 1490 1241 judicio

263 1258 333 1324 ¹lum
358 1257 405 1314 ost
422 1237 508 1318 lit}
516 1243 668 1314 ascendet
691 1245 775 1312 sicut
790 1245 854 1325 viv·
901 1240 1046 1310 sublatus
1069 1254 1130 1322 est3
1159 1246 1392 1331 generationem
1415 1246 1489 1336 ejus

265 1339 391 1430 guitum
414 1360 524 1406 coeam
547 1360 597 1418 eo,
621 1347 653 1406 ot
668 1335 853 1406 sicutradix
902 1339 976 1426 quis
999 1335 1180 1406 coartabit?
1216 1339 1298 1418 Quia
1326 1338 1488 1416 abscissus

266 1433 308 1506 de
331 1443 415 1498 terra
437 1432 562 1498 sitienti.
579 1433 649 1500 Non
666 1441 715 1498 esi
731 1432 854 1522 specim
902 1439 951 1498 est
967 1429 1016 1498 ‘dc
1037 1441 1122 1500 torro
1143 1429 1328 1510 viventium,
1359 1442 1489 1524 proptor

265 1529 306 1605 ei,
324 1547 429 1615 nequo
445 1525 554 1606 decor,
565 1536 597 1592 et
613 1524 751 1594 vidimus
768 1547 855 1604 eum,
899 1523 1009 1592 scelus
1030 1521 1142 1616 popuii
1158 1525 1220 1593 mei
1235 1527 1379 1615 percussi
1401 1547 1486 1597 oum.

143 1631 148 1644 '
266 1632 298 1688 et
322 1639 385 1692 non
410 1629 477 1686 orat
502 1630 660 1711 aspectus,
676 1627 709 1686 at
731 1617 856 1688 deside-
903 1610 942 1682 to
963 1615 1052 1685 dabit
1076 1619 1190 1707 impios
1217 1640 1279 1708 pro
1300 1619 1487 1710 sepultum,

269 1715 413 1782 ravimus
451 1733 536 1780 oum:
580 1713 772 1803 Despectum
822 1719 855 1778 ct
900 1722 933 1778 ct
942 1710 1055 1781 divites
1070 1729 1130 1802 pro
1147 1724 1330 1793 montesve,
1345 1711 1492 1802 eoquod

266 1807 474 1874 novissimum
492 1808 647 1885 virorum,
661 1805 770 1878 Vinum
793 1805 853 1873 do·
901 1805 1098 1894 iniquitatem
1136 1826 1200 1874 uon
1239 1807 1358 1888 lecerit,
1381 1827 1489 1896 neque

263 1899 368 1972 lorum
393 1908 425 1966 ct
447 1900 598 1968 scientem
630 1897 853 1978 infirmitatem,
903 1895 998 1964 dolus
1022 1896 1116 1965 luerit
1136 1899 1170 1969 io
1186 1899 1338 1989 ovocjus
1363 1901 1403 1968 Bt
1425 1900 1489 1968 llo·

265 2003 297 2060 et
313 1993 405 2082 quasi
423 1991 632 2066 absconditus
647 1991 757 2061 vultus
771 1993 852 2082 ejus,
904 1990 1009 2056 minus
1040 1990 1142 2060 voluit
1171 2002 1339 2062 conteram
1363 2013 1439 2066 cnm
1457 1995 1489 2061 in

263 2096 297 2152 et
320 2085 503 2174 despectus:
519 2085 606 2156 uodo
622 2103 681 2158 nec
696 2085 857 2176 reputavi·
903 2082 1093 2155 infirmitate.
1123 2124 1127 2131 ·
1219 2110 1223 2118 ·

265 2199 339 2246 mus
351 2198 435 2246 cnm.
453 2178 534 2268 llere
550 2179 721 2266 languores
734 2189 858 2246 nostroe
900 2253 903 2257 ,
950 2180 985 2256 i.
1010 2178 1088 2259 Nos,
1112 2179 1167 2269 qni
1176 2178 1351 2269 aliquando
1361 2200 1497 2250 cramus-

265 2273 339 2362 ipso
369 2269 451 2351 tulit,
491 2282 523 2340 et
561 2270 689 2346 dolores
730 2283 856 2340 nostros
902 2270 1006 2359 longe,
1044 2271 1116 2340 lacti
1156 2295 1270 2341 sumus
1299 2288 1403 2366 propo
1431 2295 1490 2367 per

265 2364 504 2455 ipsoportavil:
529 2366 569 2435 Et
592 2387 652 2434 nos
668 2367 853 2458 putavimus
899 2366 1083 2452 sauguinem
1116 2368 1205 2435 lesu·
1219 2367 1345 2436 >Cluisti
1359 2365 1392 2432 .*
1416 2370 1491 2460 lpse

263 2479 339 2524 eum
365 2459 457 2546 quasi
481 2459 655 2552 leprosum,
672 2471 704 2529 et
720 2479 853 2552 percus·
900 2467 949 2524 est
972 2480 1033 2548 pax
1050 2470 1168 2541 nostra,
1189 2461 1246 2550 qui
1263 2461 1335 2529 lecit
1352 2470 1492 2553 utroquo

264 2573 336 2618 sum
361 2571 380 2618 a
407 2552 486 2634 Deo,
508 2565 541 2622 ct
553 2553 765 2623 humiliatum.
781 2553 854 2644 lpse
902 2572 1013 2618 unum.

264 2655 370 2714 antam
411 2646 597 2716 vnlneratus
636 2657 685 2717 est
723 2657 854 2737 proptor
946 2644 977 2710 i.
1001 2639 1311 2717 locutionum
1327 2655 1376 2712 est
1392 2643 1490 2728 istud,

265 2739 454 2826 iniquitates
477 2751 612 2818 nostras,
648 2741 790 2812 attritos
810 2749 859 2806 ost
907 2745 940 2804 et
962 2747 1013 2804 cst
1028 2735 1178 2805 mirabile
1193 2737 1352 2818 inficialis
1365 2741 1491 2808 nostris.
1629 2776 1634 2786 =

264 2841 395 2923 propter
417 2832 673 2904 seeleva'nostva:
689 2831 856 2922 disciplina
899 2831 983 2920 Ipse.

263 2925 353 3014 pacis
393 2935 519 2994 nostrae
558 2940 664 3015 snper·
695 2945 782 3004 aum,
821 2940 854 2994 et
1062 2923 1168 2995 Lcct'o
1190 2943 1238 3001 un
1332 2927 1408 3018 Cup.
1432 2929 1489 2996 63.

263 3017 364 3087 livore
379 3015 448 3104 ejus
471 3019 572 3088 sanati
590 3039 715 3086 snmus.
901 2975 1009 3116 Quis
1031 3028 1089 3098 ost,
1120 3018 1177 3108 qai
1200 3019 1285 3088 veuit
1315 3017 1356 3088 de
1374 3018 1489 3089 odom

308 3120 342 3195 il.
365 3109 563 3183 Gratificavit
601 3129 660 3182 nos
695 3113 783 3178 Dans
819 3111 851 3178 in
898 3114 1002 3200 tinctis
1026 3110 1169 3183 vestibus
1197 3111 1240 3181 do
1273 3113 1399 3182 llosmi
1424 3115 1489 3185 luc

263 3203 382 3274 tlilcoto
408 3207 487 3274 Filio
511 3221 581 3276 suo:
606 3203 627 3247 *
654 3205 688 3274 ln
713 3223 780 3296 quo
797 3203 850 3272 ha·
902 3211 1063 3277 formosus
1088 3205 1229 3274 instoln
1248 3225 1318 3284 sea,
1344 3205 1494 3296 gradiens
1606 3209 1613 3223 '

259 3297 378 3388 bemus
402 3298 652 3390 redemptionom
687 3319 745 3390 per
781 3317 857 3376 sao-
895 3304 941 3370 io
965 3297 1170 3368 multitudino
1198 3297 1390 3367 fortitudinis
1405 3321 1493 3370 snae.

187 3397 198 3422 ⁸
257 3393 478 3482 guinemejus
496 3393 764 3467 inremissionem
784 3413 859 3483 pcc·
906 3396 977 3484 ligo
1018 3393 1078 3480 qui
1117 3391 1234 3480 loquor
1262 3392 1428 3482 justitiam,
1461 3404 1495 3462 ot

262 3497 417 3576 catonum.
717 3521 720 3538 ι
891 3493 1126 3579 ‚propugnator
1141 3506 1213 3554 sum
1229 3486 1271 3553 ad
1294 3486 1497 3560 salvandum·

271 3635 275 3648 .
309 3580 339 3650 l·
363 3579 446 3648 liceo
468 3580 555 3648 venit
576 3578 743 3673 plenitudo
774 3589 853 3648 tem·
901 3584 1012 3663 ovam
1041 3597 1120 3666 ergo
1151 3577 1288 3651 nubium
1322 3591 1372 3651 ont
1398 3580 1492 3666 iudu-

261 3669 363 3760 povis,
388 3672 509 3761 inquo
533 3675 617 3742 misit
635 3675 721 3743 Deus
752 3670 853 3741 lilium
901 3684 1044 3746 mentum
1068 3682 1177 3753 tuum·
1186 3677 1221 3748 'ot
1234 3675 1419 3742 vestimenta
1434 3683 1490 3742 tna

172 3837 177 3852 ⁸
259 3785 357 3836 suum
382 3764 414 3832 in
438 3776 530 3834 torva.
555 3767 593 3833 ln
609 3787 711 3856 quo·
899 3769 984 3835 sicut
1018 3763 1211 3835 calcantium
1231 3769 1279 3834 in
1315 3765 1505 3848 nunant,

484 3860 590 3930 Lectio
613 3880 646 3927 u.
901 3858 1055 3928 Torcular
1086 3860 1205 3929 calcavi
1236 3861 1342 3940 solus,
1380 3868 1412 3926 et
1448 3859 1494 3930 dc

263 3901 412 4018 omnes
436 3968 495 4018 nos
519 3954 611 4042 qnasi
634 3973 711 4022 oves
734 3951 851 4020 erravi·
898 3951 1047 4042 gentibus
1086 3973 1149 4020 non
1188 3963 1237 4020 est
1259 3955 1310 4021 vir
1350 3971 1491 4036 mecum}

261 4063 345 4124 mus,
362 4045 588 4134 unusquisque
605 4047 636 4112 in
653 4047 734 4112 viam
759 4068 850 4114 suam
898 4047 1018 4114 calcavi
1060 4066 1117 4112 eos
1141 4046 1174 4110 in
1204 4045 1312 4114 lurore
1343 4067 1429 4129 meo,
1456 4062 1494 4118 et>

262 4135 441 4220 declinavit,
468 4148 500 4206 ot
514 4139 623 4228 posuit
639 4140 793 4207 Dominus
819 4140 849 4206 in
898 4139 1085 4208 conculcavi
1116 4157 1174 4206 eos
1206 4138 1237 4204 in
1273 4139 1319 4206 iva
1353 4161 1433 4221 mea,
1457 4153 1494 4209 ct

261 4249 300 4299 co
324 4231 520 4322 iniquitatem
536 4234 677 4300 omnium
696 4245 848 4312 nostrum.
898 4255 1049 4324 aspersus
1072 4232 1273 4320 est‘saoguis
1297 4255 1412 4302 conum
1432 4255 1490 4302 su·-
