3584 5034
733 618 859 689 resin
872 622 976 701 ,trull
1414 623 1461 690 79

288 733 321 813 ἢ.
337 732 435 815 Quae
456 741 506 801 est
528 732 586 800 ista
872 734 1023 825 proeella,
1048 754 1134 825 quae
1159 731 1458 824 grare0miuabatur

328 828 384 897 Eu
394 824 758 916 publicisllfooumentis
872 826 1043 908 excidiuou
1067 829 1210 909 Romam,
1233 825 1459 919 plaudentibus

457 916 570 1001 Lectio,
584 939 627 987 vr.
737 994 740 999 ,
823 992 826 999 ,
873 942 951 1012 prae
974 941 1059 989 novo
1091 919 1211 1012 gaudio
1247 919 1385 1012 Populis,
1409 943 1461 988 ru-

242 966 567 1081 Praesentissimum
598 1010 747 1101 deiparae
770 1032 828 1079 au·
875 1036 988 1081 versus
1010 1024 1069 1082 est.
1092 1019 1193 1083 Antea
1226 1023 1342 1094 umen,
1368 1010 1463 1101 quod

241 1108 352 1179 xilium
376 1103 416 1173 ad
443 1105 612 1193 Religionis
627 1104 733 1172 hostes
755 1126 832 1196 pro-
878 1106 910 1173 in
941 1107 1023 1173 votis
1049 1105 1204 1177 babuerat
1225 1118 1258 1177 et
1279 1107 1462 1196 captivitato

241 1196 398 1291 bigandos
408 1220 503 1288 saepe
519 1198 661 1289 Populus
681 1197 828 1265 Christia-
874 1198 1024 1267 detentus
1034 1201 1148 1291 exequi
1157 1202 1351 1291 nequiverat,
1365 1220 1462 1266 aurea

242 1317 307 1363 uus
338 1292 452 1359 mirum
470 1292 500 1357 in
518 1290 649 1359 modum
679 1301 829 1381 expertus
875 1292 1001 1359 Corona
1024 1294 1176 1382 insignem
1211 1296 1355 1361 Saronae
1381 1293 1464 1358 lma-

243 1397 302 1457 eel:
330 1407 371 1455 ex
402 1404 468 1473 quo
492 1383 622 1465 factum,
654 1395 689 1452 ut
712 1385 831 1450 SSmus
877 1386 1005 1473 giuem·
1028 1387 1182 1477 Deiparae
1228 1386 1362 1475 Virginis
1401 1383 1463 1453 sub

242 1480 388 1549 Pontifex
411 1478 486 1544 Pius
509 1477 543 1542 V.
567 1486 639 1566 post
673 1476 825 1565 insignem
875 1478 1464 1549 titulolfatrisllisericordiaesolemoi

240 1573 425 1650 dictoriam,
454 1569 667 1637 intercedente
691 1570 834 1649 Beatissi7
881 1572 954 1651 ritu,
979 1574 1182 1663 propriisque
1197 1571 1343 1640 manibus
1365 1569 1463 1639 dero-

241 1667 446 1753 mafirgiue,
462 1684 481 1727 a
498 1660 683 1729 Christianis
695 1661 735 1729 de
755 1664 834 1729 Tur·
882 1664 972 1731 ravit.
1010 1668 1112 1747 Quam
1144 1664 1315 1734 mirabilem
1355 1686 1464 1732 rerum

243 1779 354 1827 carrum
379 1760 525 1849 Tyranno
542 1754 630 1845 apud
654 1754 831 1823 Echinadas
879 1757 1126 1827 vicissitudinem
1179 1759 1262 1827 idem
1319 1756 1464 1825 Pontifex

240 1850 368 1923 Insulas
406 1858 615 1940 reportatam.
633 1849 665 1915 in
699 1849 828 1931 Litaoiis
875 1850 1029 1919 Maximus
1044 1853 1119 1919 Pius
1135 1852 1202 1920 llll.
1216 1852 1313 1919 totius
1328 1861 1463 1920 eventus

240 1944 426 2016 lauretanis
479 1940 624 2009 eamdem
677 1941 826 2031 Reginam
877 1944 987 2011 intime
1015 1947 1176 2021 conscius,
1215 1965 1290 2011 cum
1315 1945 1465 2013 interces-

241 2037 409 2111 coelorum
442 2036 523 2101 inter
560 2033 622 2101 alia
660 2035 829 2125 praeconia
877 2038 958 2105 sioni
1001 2038 1127 2109 ‘SSmae
1154 2038 1224 2106 -Dei
1273 2036 1463 2115 Genitriois,

243 2130 407 2198 Auxilium
427 2127 678 2195 Christianorum
693 2127 834 2219 appella·
883 2130 976 2218 cujus
1000 2141 1157 2221 potentem
1191 2151 1297 2222 opem,
1324 2139 1358 2198 et
1396 2131 1466 2219 ipse

244 2221 273 2289 ri
298 2220 506 2290 constituerit
531 2217 594 2287 Sed
618 2218 696 2286 illud
722 2223 753 2286 in
769 2221 835 2312 pri-
881 2222 1024 2313 impense
1074 2223 1308 2315 imploraverat,
1347 2231 1379 2289 et
1422 2218 1466 2288 ab

241 2314 306 2385 mis
339 2310 543 2383 memorabile
567 2320 625 2393 est,
648 2322 746 2401 atque
776 2333 832 2381 ex·
878 2314 1027 2383 omnibus
1042 2316 1154 2383 Christi
1173 2315 1321 2385 fidelibus
1349 2313 1464 2405 implo-

147 2428 150 2435 ⁴
242 2406 359 2497 plorati
384 2406 527 2475 miraculi
552 2404 625 2473 loco
647 2403 830 2474 babendum
876 2408 938 2475 rari
961 2421 1138 2491 curaverat,
1162 2421 1327 2501 acceptam
1351 2406 1466 2499 merito

246 2498 336 2589 quod
347 2521 421 2567 cum
429 2500 589 2567 Romanus
603 2498 744 2567 Pontifex
756 2500 832 2569 Pius
880 2501 1019 2584 referret,
1061 2503 1092 2570 io
1139 2502 1284 2591 ejusdem
1330 2499 1465 2589 Virginis

244 2593 312 2661 Vll.
336 2592 507 2684 impiorum
521 2591 711 2682 consiliiset
732 2595 830 2660 armis
875 2594 981 2661 llatris
996 2593 1149 2663 bonorem
1174 2595 1236 2664 sub
1252 2595 1465 2687 appellatione

244 2706 285 2753 ex
308 2686 489 2777 apostoliea
512 2686 594 2753 Petri
618 2684 700 2753 Sede
721 2696 830 2769 cature
876 2686 992 2754 Auxilii
1027 2686 1276 2755 Christianorum
1321 2686 1465 2753 solemne

244 2776 350 2859 batus,
372 2790 407 2847 et
435 2789 523 2845 areta
553 2776 709 2853 custodia.
739 2800 831 2867 praef
877 2777 995 2846 festum
1010 2779 1122 2847 indixit
1131 2790 1286 2871 perpetuo
1300 2777 1465 2849 celebrau-

242 2874 351 2939 sertim
376 2874 520 2937 Savonae
536 2891 594 2959 per
613 2888 714 2935 annos
738 2871 833 2958 quin·
878 2869 957 2939 dum
987 2870 1040 2941 die
1063 2873 1180 2941 mensis
1202 2873 1274 2962 Maji
1311 2872 1466 2960 vigesimo

244 2984 321 3053 que,
345 2984 451 3053 eoque
474 2962 613 3051 amplius
641 2960 752 3028 fuisset
775 2960 831 3029 de-
879 2974 1004 3052 quarto,
1028 2965 1211 3043 faustissimi
1227 2966 1278 3034 sui
1294 2967 1325 3033 in
1343 2963 1464 3038 Urbem

246 3066 363 3137 lentus,
389 3057 448 3123 viis
471 3054 621 3122 omuibus
636 3054 762 3143 penitus
786 3058 834 3121 in·
882 3056 1002 3125 reditus
1029 3061 1255 3142 anniversario,
1289 3056 1468 3152 approbate

248 3148 407 3230 terclusis,
425 3171 464 3217 ne
477 3150 532 3217 Dei
555 3147 725 3213 Ecclesiam
745 3169 835 3236 rege-
881 3150 987 3225 etiam¹¹
1011 3151 1127 3221 Officio
1164 3155 1305 3245 proprio,
1330 3153 1466 3220 uttauti

247 3263 284 3311 re
307 3255 424 3334 posset,
442 3242 531 3309 nullo
546 3240 658 3308 similis
681 3260 831 3331 persecu-
877 3240 1025 3321 beneficii
1064 3244 1222 3327 distincta,
1245 3258 1278 3313 et
1314 3246 1464 3336 perennis

249 3336 344 3405 tionis
357 3339 390 3405 in
406 3336 519 3427 priscis
533 3332 704 3402 annalibus
725 3354 833 3401 exem·
880 3346 964 3403 extet
974 3339 1136 3417 memoria,
1147 3349 1180 3406 et
1190 3341 1360 3426 gratiarum
1373 3337 1466 3410 aetio.

248 3428 836 3521 plo‚iuopiuato,etpraeteromnium
928 3430 962 3503 ri.
986 3428 1137 3503 Ornatam
1163 3430 1334 3498 monilibus
1459 3474 1466 3489 κ

248 3525 471 3609 expectatione¹
487 3522 626 3610 contigit,
651 3531 687 3586 ut
717 3518 833 3608 ingenti
869 3518 872 3523 ’
984 3522 1028 3586 ΙΝ
1053 3522 1111 3611 111,
1135 3523 1357 3595 NOCTURNO
1445 3600 1455 3617 ,

247 3612 376 3701 plausu,
396 3635 436 3681 ac
460 3614 556 3683 veluti
579 3613 720 3681 universi
745 3610 832 3678 orbis
884 3672 887 3679 .
925 3613 1032 3681 Lectio
1047 3616 1079 3682 S.
1096 3616 1259 3707 Evangelii
1285 3616 1465 3690 secundum

248 3705 396 3772 manibus
420 3706 583 3775 Pontificio
598 3706 686 3776 Solio
711 3705 837 3773 restitu-
882 3705 1011 3773 Lucam.
1458 3760 1462 3772 .

248 3807 365 3868 eretur.
380 3798 522 3879 Quodet
537 3797 682 3867 mundo
704 3796 831 3880 accidit,
937 3801 1043 3869 Lectio
1065 3821 1144 3869 nn.-
1217 3803 1318 3892 Capit,
1344 3821 1377 3867 n.
1400 3801 1432 3866 d,

247 3888 327 3960 dum
353 3892 466 3959 iterum
495 3901 658 3959 commoto
697 3887 833 3971 turbine,
882 3844 938 3959 lu
962 3893 1016 3959 illo
1032 3903 1183 3987 tempore:
1199 3898 1363 3985 Loqueute
1386 3894 1463 3959 lesu

247 3982 290 4068 cb
314 3983 401 4055 Urbe
423 3983 588 4053 discedens
605 3984 703 4051 Sacro
733 3984 833 4051 comi·
879 3982 921 4050 ad
939 3983 1059 4067 turbas,
1071 3989 1224 4057 extollens
1235 4008 1345 4055 vocem
1363 4005 1463 4075 quae·

248 4087 333 4147 tuoto
365 4076 579 4147 Cardinalium
621 4075 759 4166 Collegio
783 4076 834 4143 Li·
880 4075 955 4161 dam
979 4080 1094 4149 mulier
1116 4079 1158 4149 de
1180 4079 1283 4159 turba,
1294 4077 1385 4155 dixit
1405 4077 1461 4144 illi:

246 4168 565 4259 patiami-comendis,
600 4169 716 4237 l'erum
739 4190 830 4260 prae·
877 4166 991 4239 beatus
1020 4182 1141 4256 ventor,
1163 4173 1220 4264 qui
1246 4173 1289 4242 Te
1318 4171 1462 4264 portavit

247 4263 424 4345 senissimo
438 4260 673 4344 Deibeneficio,
684 4273 828 4333 cessante
873 4264 1067 4357 Etreliqua.
