3584 5034
166 3199 171 3208 ·
296 3192 371 3241 curn
395 3171 480 3240 duce
509 3191 582 3254 suo,
616 3183 650 3242 et
682 3173 753 3242 aliis
793 3175 888 3242 etiam

294 605 359 706 rua
737 609 1083 710 samnosuouers

287 747 612 840 responsolleuucha
641 749 800 830 incitatus,
821 749 883 816 uir·
942 801 944 805 .
1040 749 1085 814 lli
1110 748 1168 814 111.
1190 748 1432 820 NOCTURNO·
1491 802 1493 810 ,

287 845 392 930 giuern
408 842 547 910 fustibus
566 861 703 925 caesam,
720 842 881 932 subjecto·
976 840 1153 910 Humilia
1170 842 1289 932 Eoonp.
1307 847 1407 910 Amen
1429 863 1522 910 amen

202 934 205 942 ’
285 957 353 1026 que
376 937 465 1003 lumo
480 937 693 1016 excruciatam
710 934 879 1004 lenonibus
928 935 1002 1003 dico
1039 933 1141 1015 vobis,
1177 936 1237 1002 nisi
1282 957 1417 1024 granum
1455 936 1522 1002 iru-

288 1029 556 1121 eoustuprandam
583 1029 721 1096 tradidit.
753 1031 881 1116 Virgine
930 1029 1035 1098 menti.
1065 1030 1103 1096 Ut
1135 1029 1171 1095 in
1211 1032 1286 1120 [esto
1319 1031 1353 1096 S.
1393 1027 1525 1099 Erasmi

287 1136 393 1190 autom
409 1121 719 1212 Deumdeprecaute‚
731 1121 884 1190 divinitus
933 1120 1097 1214 Episcopi,
1122 1133 1151 1191 et
1173 1121 1376 1212 Mortprr's.2
1400 1121 1500 1190 lunii.

288 1216 406 1284 factum
435 1227 508 1295 est·
535 1227 571 1282 ut
612 1225 773 1305 quotquot
812 1237 883 1284 eam
927 1251 930 1257 f
1204 1252 1250 1266 —-

289 1312 441 1391 attingere
465 1309 590 1390 vellent,
635 1310 742 1376 subito
782 1330 883 1376 mem·
1114 1351 1115 1358 κ
1149 1309 1248 1376 DOM.
1272 1307 1313 1375 ll.

289 1402 421 1471 brorum
437 1403 587 1469 'omnium
605 1402 727 1482 dolore,
743 1413 891 1492 stupore·
947 1471 949 1478 ,
1051 1401 1223 1470 Mereatur.
1255 1405 1288 1470 ll.
1313 1402 1352 1469 Μ.
1376 1403 1412 1472 V.

291 1518 355 1586 que
385 1499 630 1586 corriperentur.
663 1498 774 1564 Postea
816 1498 885 1562 Pla·
981 1569 986 1576 y
1138 1496 1234 1584 dupio
1249 1497 1324 1586 maj.
1354 1547 1357 1556 ,
1462 1533 1469 1544 ·

290 1590 398 1656 nidum
411 1590 542 1678 virginis
569 1589 695 1660 iratrern
710 1602 881 1680 tyrrannus
931 1587 1051 1657 Ouinia
1065 1601 1098 1658 ut
1115 1587 1150 1655 ie
1162 1591 1333 1682 appendice
1350 1586 1525 1658 Brouiorri‘.

291 1683 423 1764 invadit,
455 1685 551 1772 eique
589 1681 753 1748 idolorum
794 1679 884 1749 vani-
1205 1719 1247 1732 --
1514 1715 1516 1719 v

293 1787 388 1842 tatem
427 1777 571 1864 arguenti
618 1795 666 1856 οε.
708 1773 887 1864 dentesque
1153 1773 1225 1840 nte
1254 1774 1304 1839 tt.

289 1868 452 1959 lapidibus
480 1868 644 1949 contundi,
678 1868 885 1958 linguamque
1052 1867 1084 1934 S.
1116 1867 1257 1934 Cnunrsrr
1282 1868 1334 1934 tn.
1367 1868 1406 1936 ll.

291 1961 455 2030 radicibus
497 1962 639 2033 abscindi
675 1961 778 2052 jubet.
820 1959 884 2029 Sed
1183 1960 1267 2052 dupi.

292 2073 367 2122 oum
394 2056 598 2123 nihilominus
623 2054 888 2136 ille,avulsalin-
948 2055 1077 2122 ·Omn.
1100 2051 1374 2124 decennarius
1392 2055 1527 2145 Martyr-
1633 2055 1638 2060 ’

290 2149 461 2236 guadere
483 2148 881 2238 etexpediteloqueretur,
925 2159 1053 2238 praeter
1089 2145 1259 2237 sequentia.
1383 2224 1385 2230 ,

292 2242 363 2331 ipso
387 2241 543 2307 miraculo
567 2240 798 2329 magis‘lurens
814 2237 887 2309 bar·
1178 2241 1290 2314 Oratio
1357 2277 1360 2286 ⁴
1402 2297 1404 2302 .

293 2333 401 2411 barus,
428 2332 589 2403 Placidum
613 2353 688 2401 cum
704 2355 827 2415 sorore,
844 2353 884 2402 ao
933 2287 1061 2409 Bous,
1086 2335 1144 2426 qui
1160 2353 1219 2400 nos
1243 2333 1400 2425 conspicis
1411 2357 1451 2404 ex
1468 2354 1529 2402 oo

292 2426 446 2494 iratribus
455 2427 650 2494 immanibus
660 2428 885 2508 anchorarum,
934 2436 1000 2494 stra
1024 2427 1205 2494 infirmitate
1227 2425 1387 2509 deficere,
1410 2427 1450 2495 ad
1494 2449 1528 2494 a·

292 2520 521 2610 mulorumque
545 2520 742 2611 ponderibus
792 2520 885 2590 obrui
933 2541 1056 2588 morem
1080 2531 1170 2586 tuum
1197 2540 1257 2586 uos
1283 2521 1529 2590 misericorditer

293 2615 464 2706 resupinos
488 2615 629 2704 imperat.
661 2615 815 2705 Cumque
849 2635 889 2681 ex
935 2635 994 2704 per
1029 2612 1110 2680 beati
1147 2611 1263 2680 Callisti
1299 2615 1445 2708 Martyris
1470 2613 1524 2696 tui,

293 2706 332 2773 iis
355 2709 455 2775 etiarn
481 2709 651 2774 tormentis
667 2710 783 2798 integri
814 2727 889 2774 era·
936 2717 1035 2797 atque
1061 2703 1220 2778 Pontinos
1235 2709 1381 2799 exempla
1405 2717 1525 2778 restau-

292 2799 416 2880 sissent,
441 2798 483 2866 ad
523 2812 701 2868 extremum
734 2823 780 2868 ox
822 2821 887 2868 uua
934 2821 978 2868 ra.
1004 2801 1065 2870 Per
1088 2802 1261 2868 Dominum
1286 2813 1441 2870 nostrum.

291 2893 413 2960 Placidi
439 2891 568 2972 familia,
595 2914 652 2960 sex
690 2903 722 2964 et
762 2895 887 2984 triginta
1059 2912 1152 2981 1N1,
1183 2913 1408 2985 Nocpufflqo

276 2987 325 3053 in
351 2996 466 3076 portus
490 2986 663 3055 Mamertini
683 2985 803 3067 littore,
833 3009 889 3056 oa·
929 3003 935 3040 ³
990 2995 1071 3094 Μ.
1096 3025 1133 3092 de
1306 2995 1308 3006 '

293 3079 414 3174 pitibus
425 3078 575 3146 abscissis
586 3082 726 3174 martyrii
748 3083 887 3174 palmam
920 3105 923 3114 ¹
1159 3025 1333 3114 &mptum
1357 3047 1474 3094 ‘mm‘

1052 3135 1096 3204 IN
1121 3135 1160 3203 Il.
1191 3135 1414 3208 NOCTURNO

298 3266 445 3356 pluribus
469 3267 613 3336 retulere
653 3271 747 3337 tertio
787 3286 890 3335 nones
1151 3266 1245 3335 ¹lect.
1269 3287 1309 3332 rr.

298 3358 449 3428 Octobris
472 3380 556 3428 auno
579 3361 692 3429 salutis
732 3360 891 3429 humanae
941 3305 1118 3426 Callistus
1141 3361 1303 3426 Romanus
1318 3357 1454 3450 praeiuit
1467 3356 1529 3426 Ec·

298 3453 554 3557 quingentesimo
594 3454 755 3545 trigesimo
795 3471 892 3519 nouo.
945 3450 1062 3521 elesiae
1077 3454 1238 3520 Antonino
1251 3449 1455 3542 Heliogabalo
1465 3451 1530 3519 lm·

298 3542 428 3615 Horum
457 3550 600 3615 omnium
642 3561 779 3638 corpora
818 3552 891 3637 post
937 3554 1091 3638 peratore
1117 3546 1287 3614 Constituit
1311 3557 1449 3638 quatuor
1472 3565 1529 3612 an-

298 3639 426 3732 eiiquos
457 3639 573 3708 deinde
606 3638 675 3707 dies
710 3637 890 3707 Gordianus
937 3639 970 3707 ni
1005 3649 1169 3729 tempora,
1208 3639 1331 3730 quibus
1360 3639 1529 3730 jejunium,

298 3727 473 3801 lionacbus
495 3755 535 3801 ex
558 3731 673 3800 eodem
701 3731 890 3801 lionasterio
937 3751 976 3802 ex
989 3732 1162 3823 apostolica
1173 3733 1340 3802 traditione
1352 3744 1529 3824 occeptum,

298 3826 374 3916 tuga
396 3826 535 3916 elapsus,
560 3826 675 3894 intacta
701 3844 778 3895 oum·
801 3846 892 3915 repe-
941 3824 982 3893 ab
1007 3825 1158 3894 omnibus
1181 3839 1373 3896 servaretur.
1411 3823 1530 3894 teutfi-

298 3921 411 4000 risset‚
437 3938 511 3985 cum
554 3919 703 4012 lacrymis
742 3919 893 4010 sepelivit.
945 3921 1029 3987 cauit
1063 3921 1226 3988 basilicam
1263 3933 1391 3989 sanotae
1418 3919 1533 3987 llariae

299 4014 435 4104 Tyranni
461 4025 567 4082 autem
594 4035 657 4080 non
683 4014 784 4081 multo
819 4022 894 4104 post
943 4013 1186 4095 Transtiberim‚
1210 4024 1241 4081 et
1277 4015 1307 4080 iu
1344 4018 1392 4081 via
1428 4012 1531 4101 Appia

298 4104 467 4174 ultricibus
475 4109 569 4175 maris
580 4108 675 4176 undis
686 4107 805 4175 absorti
822 4127 897 4173 cru·
944 4119 1035 4174 vetus
1052 4107 1293 4189 Coemeterium,
1312 4109 1425 4197 inquo
1447 4104 1531 4170 mul-

301 4194 436 4264 delitatis
459 4222 539 4270 suae
572 4223 692 4294 poenes
725 4199 892 4270 dederuut.
940 4201 961 4267 ti
985 4201 1083 4266 saneti
1108 4202 1304 4280 Sacerdotes,
1324 4213 1356 4269 et
1379 4200 1529 4289 Martyres

348 4292 381 4367 P·
404 4289 739 4368 Qoeooffidumetn
937 4294 1054 4387 sepulti
1076 4305 1162 4378 sunt,
1186 4295 1359 4388 ampliavit
1385 4291 1472 4362 uude
1485 4289 1527 4360 ab

405 4391 680 4490 Tamquam
703 4395 877 4456 aarum·
1051 4432 1058 4448 ·
