3584 5034
207 4282 221 4330 Ι

343 580 405 648 ros
451 561 452 564 ‘
479 550 481 553 ’
799 580 1074 653 unsri-tout

460 690 503 757 ΙΝ
528 690 562 761 Ι..
585 691 810 773 Noctuntto
972 692 1125 781 singulari
1135 690 1190 759 Dei
1202 689 1357 761 beneficio
1367 692 1477 784 spinae
1489 692 1558 765 illae

337 780 544 853 Lectionesde
558 784 925 875 Scripturoocrurrente?
968 787 1141 877 purissima
1178 784 1321 854 membra
1370 786 1559 873 attingerent

451 876 814 959 tN11.·tthtttttN0
852 940 856 951 .
972 891 1069 969 atque
1108 880 1140 948 in
1178 880 1309 948 minimo
1355 878 1556 947 offenderent.

385 994 393 1011 ·
486 1028 488 1034 Α
567 972 672 1041 Lectio
698 994 741 1041 tv.
782 1024 824 1037 ,.
876 1002 882 1015 ·
970 972 1096 1053 Quibus
1119 973 1253 1062 aliisque
1283 972 1477 1041 cruciatibus
1500 972 1555 1039 ad·

337 1012 504 1131 Michaet
529 1062 570 1131 de
587 1066 794 1134 Sanctisllici
811 1065 842 1135 in
866 1066 922 1138 Hi·¹
968 1066 1101 1133 mirabili
1119 1066 1174 1134 ,illi
1208 1066 1418 1156 poenitentiae
1449 1064 1556 1154 prolu-

335 1157 444 1245 spania
467 1157 611 1226 citeriore
635 1223 639 1229 ,
647 1161 707 1249 piis
731 1170 766 1228 et
786 1158 925 1226 honestis
973 1157 1077 1240 debat,
1103 1182 1199 1250 quam
1212 1170 1323 1249 postea
1334 1159 1374 1227 ad
1394 1159 1559 1226 hominum

333 1250 518 1338 parentinus
542 1263 634 1318 uatus
651 1253 808 1321 mundum
833 1264 925 1319 antea
970 1263 1134 1343 stuporem
1158 1263 1322 1341 tantopere
1346 1252 1487 1320 adauxit.

336 1344 563 1433 contempsisse
581 1366 677 1434 quarn
697 1346 862 1435 agnovisse
879 1345 926 1411 vi·
1115 1382 1118 1385 -
1169 1344 1299 1415 lectio
1321 1367 1352 1412 r.

336 1456 390 1503 sus
416 1438 579 1531 cstrPene
604 1439 708 1506 iulans
739 1450 925 1529 perpetuam
977 1388 1098 1506 Anno
1120 1440 1229 1508 aetatis
1252 1438 1448 1508 duodecimo
1482 1458 1558 1506 non-

335 1529 545 1618 'virginitetem
571 1532 637 1599 Deo
661 1535 758 1613 vovit;
783 1552 924 1621 cumque
970 1530 1048 1601 dum
1065 1533 1190 1621 expleto
1205 1532 1295 1599 solus
1311 1544 1343 1600 et
1357 1532 1456 1622 pedes
1471 1554 1561 1619 egre-
1657 1601 1658 1606 ,

335 1623 381 1689 rei
399 1624 561 1695 conscius
600 1623 694 1715 pater
718 1626 842 1715 nuptias
879 1624 923 1689 illi
969 1623 1059 1691 diens
1096 1626 1139 1693 de
1168 1624 1266 1693 domo
1304 1607 1336 1691 et'
1373 1626 1560 1711 cognatione
1657 1655 1658 1666 ¹

334 1736 392 1805 per
406 1760 407 1766 κ
410 1716 520 1803 jocum
539 1731 739 1807 proponeret,
765 1720 797 1783 in
820 1718 925 1809 lacry-
972 1738 1032 1783 sna
1051 1719 1256 1783 Barcinonam
1271 1716 1433 1783 contendit
1448 1717 1561 1806 ibique

338 1828 406 1875 mas
421 1808 541 1879 effusus
557 1833 638 1903 puer
649 1822 745 1901 atque
757 1810 795 1877 ad
810 1812 924 1902 Deipa-
971 1810 1191 1877 Sanctissimae
1227 1809 1382 1875 Trinitatis
1426 1808 1563 1877 Redem-

336 1902 923 1993 raellirginiseramconfugiensemis-
969 1902 1083 1994 ptionis
1107 1902 1311 1995 Captivorum
1335 1899 1488 1968 Ordinem
1510 1902 1562 1968 in·

258 2038 260 2043 .
335 2016 406 2061 sum
425 2007 535 2066 votum
551 1999 723 2065 ferventius
741 1996 924 2063 renovabat.
971 2008 1021 2064 ter
1044 1995 1208 2072 Calceatos-
1244 1993 1562 2087 amplexusqnam·
1657 1981 1658 2038 3

336 2088 488 2155 Serennis
512 2090 553 2159 ad
577 2099 760 2157 sanctorum
787 2092 925 2179 ¹vestigia
971 2093 1110 2182 primum
1133 2112 1190 2180 per
1225 2100 1361 2157 aetatem
1395 2087 1485 2157 licuit
1506 2108 1562 2154 so-

338 2180 499 2249 sectauda.
530 2184 560 2249 in
600 2183 751 2249 llonseuii
797 2182 928 2272 spelun-
974 2184 1091 2251 lemnia
1115 2193 1188 2250 vota
1218 2181 1562 2273 nuncupatorium
1657 2179 1658 2190 ’

335 2294 406 2341 cam
431 2277 570 2355 secessit,
596 2276 625 2340 in
663 2298 737 2366 qua,
764 2274 840 2343 dum
865 2298 923 2365 pa·
970 2275 1044 2344 inde
1068 2287 1140 2367 post
1162 2277 1326 2343 mensibus
1350 2273 1390 2342 ad
1422 2274 1561 2341 strictio-

338 2368 451 2437 tientis
473 2366 585 2435 Christi
599 2371 748 2461 mysteria
772 2370 803 2435 iu
819 2391 925 2457 genua
972 2392 1038 2437 rem
1091 2369 1359 2435 Discalceatorum
1415 2366 1560 2455 ejusdem

337 2461 525 2550 provolutus
553 2465 615 2553 piis
643 2462 789 2533 sensibus
817 2463 919 2556 lacry-
968 2462 1101 2529 Ordinis
1135 2461 1297 2527 Familiam
1322 2482 1357 2529 se
1392 2461 1558 2527 transtulit

337 2554 464 2644 tuisque
488 2556 741 2646 prosequitur,a
765 2565 853 2648 patre
878 2579 927 2625 re·
974 2555 1010 2620 lu
1035 2555 1094 2621 hac
1119 2562 1206 2620 nova·
1236 2554 1400 2643 llegnlaris
1420 2552 1564 2645 discipli-

337 2658 458 2737 pertus,
473 2650 603 2719 domum
617 2649 928 2717 redirecoaotnsest.
975 2670 1035 2715 nae
1074 2646 1211 2736 palestra
1244 2649 1360 2715 mirum
1397 2658 1445 2714 est
1484 2657 1565 2736 quot

337 2742 450 2830 Neque
475 2754 588 2812 tamen
619 2741 659 2811 de
694 2752 926 2833 praeconcepto
974 2742 1167 2831 quantisque
1191 2740 1346 2808 virtutum
1363 2742 1563 2809 incrementIs

336 2836 505 2901 severioris
528 2838 611 2901 vitae
634 2837 797 2924 proposito
828 2833 924 2925 quid·
970 2839 1066 2905 etiam
1092 2835 1174 2929 inter
1188 2838 1357 2902 continuas
1382 2833 1562 2902 studiorum

338 2947 435 3014 quam
459 2928 586 2993 remisit.
617 2927 753 2993 Unicum
789 2929 835 2995 illi
858 2939 927 2996 erat
972 2930 1214 2997 exercitationes
1268 2937 1429 2995 anteactae
1480 2927 1565 2994 vitae
1657 3005 1658 3020 ρ

339 3018 523 3087 coelestium
547 3016 753 3099 desiderium,
776 3033 931 3110 perpetua
978 3020 1175 3089 sanctitatem
1215 3020 1436 3088 cumulaverit.
1461 3019 1566 3085 Tanto
1657 3065 1658 3074 η

338 3132 412 3181 cum
435 3114 503 3181 Deo
521 3110 731 3225 magnetudo,
748 3113 923 3181 innocentis
969 3117 1053 3179 enim
1090 3112 1196 3182 studio
1235 3112 1375 3200 singulas
1425 3111 1566 3178 Instituti

338 3227 415 3273 vero
461 3205 565 3273 carnis
611 3204 781 3273 maceratio
827 3206 928 3293 major
975 3204 1063 3294 leges
1087 3204 1288 3285 observabat,
1313 3213 1348 3269 ut
1378 3202 1498 3269 nullam
1523 3226 1565 3272 ex

340 3320 436 3387 qnam
461 3309 498 3366 ut
522 3309 629 3367 tenera
660 3298 713 3365 illa
736 3308 822 3367 aetas
846 3296 929 3365 lerre
975 3299 1022 3365 eis
1045 3298 1243 3387 praeteriisse
1267 3306 1468 3386 compertum
1492 3296 1565 3364 lue·

337 3411 433 3481 posse
473 3391 643 3459 videretur.
683 3391 762 3457 Nam
802 3400 851 3459 ter
888 3394 922 3459 in
952 3383 1566 3480 ”ritVirginitatem‚quamquinquen·
1657 3405 1658 3408 ’

337 3506 533 3575 unaquaque
560 3484 759 3561 hebdomada
772 3485 929 3574 jejunans,
976 3484 1026 3551 nis
1046 3485 1115 3551 Deo
1139 3494 1280 3564 voverat,
1304 3503 1369 3550 non
1394 3482 1493 3551 modo
1516 3485 1565 3549 in·

337 3598 486 3647 somnum
511 3599 608 3668 super
622 3588 854 3647 sarmentorum
878 3578 925 3645 la·
972 3576 1120 3645 violatam
1144 3578 1290 3657 servavit,
1332 3578 1566 3645 verumetiam
1657 3647 1658 3656 ρ

340 3672 459 3753 soibus,
497 3690 575 3737 saxo
624 3671 718 3762 capiti
752 3673 928 3762 supposito,
974 3669 1227 3763 praeclarissimo
1253 3670 1307 3737 Dei
1326 3693 1458 3740 munere
1480 3692 1565 3737 nnn·

339 3784 483 3857 carpam,
523 3762 654 3855 flagellis
689 3764 721 3831 in
758 3784 792 3831 se
827 3764 931 3854 ipsum
980 3785 1076 3854 quam
1111 3764 1213 3830 carnis
1238 3762 1393 3831 illecebris
1432 3763 1566 3831 allectus

339 3860 461 3929 saevire
474 3906 487 3935 ‚·
508 3930 510 3937 ,
530 3868 562 3927 et
611 3858 705 3925 etiam
753 3856 927 3946 aliqnando
972 3868 1033 3938 est,
1068 3876 1172 3946 neque
1196 3859 1230 3923 in
1260 3868 1366 3927 mento
1400 3856 1568 3945 cogitatio·

341 3950 568 4043 corpusculum
615 3951 723 4019 Sancti
762 3952 928 4019 'Francisci
952 3964 1049 4019 'nem
1071 3950 1169 4017 ullam
1192 3953 1301 4019 minus
1318 3950 1482 4018 honestam
1505 3946 1566 4015 ha-

341 4046 486 4136 enomplo
511 4048 545 4113 in
580 4046 742 4137 spinarum
778 4064 929 4115 acervum
977 4042 1056 4111 buit.
1080 4046 1266 4113 Aretissima
1298 4042 1461 4136 praeditus
1484 4064 1570 4133 pau·

343 4138 499 4224 conjicere
523 4150 555 4207 et
579 4134 811 4207 cruentandum
835 4139 928 4209 volu-
975 4146 1097 4230 portate
1120 4158 1178 4228 per
1199 4138 1309 4228 plures
1330 4154 1432 4203 annos
1455 4156 1570 4228 nequo

342 4237 408 4295 tare
431 4250 496 4299 non
519 4231 684 4315 dubitavit,
721 4230 800 4322 quio
822 4240 929 4303 tamen
974 4227 1570 4321 cubiculnmhabuitnequepulrinar,
