3584 5034
303 593 347 656 ee
487 572 489 577 ’
765 585 896 656 resen·
923 588 1065 655 unum

302 726 371 785 nos,
398 714 426 770 et
441 709 470 774 i.
493 701 574 770 utin
585 698 705 791 primis
735 698 889 788 Vesperis.
1097 700 1178 789 (ἕῳ.
1201 699 1296 768 Heln
1323 702 1355 766 u.

418 795 471 864 Ad
492 794 632 885 Magnis..
646 791 772 882 Antipl.
889 846 893 855 .
936 747 987 853 F
988 801 1108 873 moen·
1123 792 1267 861 Christus
1282 793 1433 862 assistens
1445 792 1528 861 Pon·

347 889 415 978 ligo
440 910 513 957 sum
552 896 657 957 vestra
692 884 887 978 Redemptio:
935 887 1010 955 tilex
1046 886 1230 954 futurorum
1263 884 1447 969 bonorum,
1470 908 1530 978 per

302 1004 415 1049 manus
439 1002 538 1062 meae,
555 1002 640 1072 quae
656 999 714 1047 vos
729 977 884 1061 lecerunt,
934 979 1084 1071 amplius,
1100 990 1133 1048 et
1147 979 1320 1071 perfectius
1342 978 1531 1049 tubernacu-

301 1076 401 1143 elauis·
420 1073 570 1143 'confixae
583 1084 669 1141 eune
685 1080 816 1165 propter
832 1092 890 1139 vos
939 1072 1007 1139 lum
1032 1091 1098 1140 non
1120 1072 1451 1154 mentrlaotum,·idest
1464 1094 1531 1141 uon
1660 1145 1661 1154 χ

301 1165 434 1258 flagellis
449 1188 572 1249 caesus,
589 1178 621 1237 et
642 1167 742 1257 spinis
758 1177 893 1231 corone·
940 1160 1038 1254 hujus
1060 1166 1242 1246 creationis·
1263 1188 1370 1258 neque
1385 1188 1443 1256 per
1458 1188 1533 1233 san·

301 1274 458 1343 iussum:
482 1260 608 1352 aquarn*
631 1260 709 1350 petii
732 1256 886 1346 pendens,
940 1260 1069 1347 guinem
1094 1257 1328 1327 hiroorumaut
1344 1260 1532 1338 vitulorum,

300 1366 339 1423 et·
355 1367 482 1423 acetum
499 1362 717 1447 porrexerunt:
735 1350 766 1415 in
782 1370 889 1417 eseam
938 1351 996 1421 sed
1012 1373 1069 1442 per
1085 1353 1251 1442 preprium
1275 1353 1469 1441 Sanguinem
1485 1352 1532 1419 in-

301 1470 404 1515 meam
430 1448 469 1516 iel
504 1446 672 1525 dederunt,
688 1454 721 1512 et
743 1445 776 1510 in
807 1442 892 1513 latus
939 1444 1045 1512 troivit
1068 1444 1166 1513 semel
1193 1446 1224 1513 in
1253 1456 1378 1529 sanem
1403 1457 1532 1515 aeterna

303 1542 646 1619 tauromenium,
681 1550 712 1604 et
745 1537 891 1627 sepultus
940 1538 1161 1629 redemptione
1187 1540 1324 1608 inventa.
1357 1621 1360 1626 Α

223 1694 226 1699 Α
304 1636 470 1705 resurrexi:
487 1633 656 1702 vobiscum
673 1652 757 1711 sum,
773 1640 806 1699 et
822 1632 894 1698 vivo
1161 1634 1313 1721 Hyrnnur.

302 1732 336 1827 in
360 1740 536 1799 aeternum.
556 1728 641 1797 Gom.
660 1726 732 1794 Fer.
772 1780 775 1787 .
944 1678 1111 1883 Festiviz)

1059 1836 1087 1882 ei
1113 1837 1166 1883 us:

497 1914 618 1981 unuin
648 1854 699 1977 l'l.
739 1942 741 1945 ·
817 1969 821 1975 .
1009 1908 1105 1977 Cives
1124 1908 1273 1978 lentitiam
1296 1906 1458 1979 lrontibus
1477 1928 1533 1976 ex·
1660 1949 1661 2016 t

364 2008 436 2083 Pon
461 2012 550 2077 Dom.
575 2007 631 2075 IV.
660 2003 850 2092 Ouedrages.
887 2010 889 2017 ’
1059 2002 1188 2094 plicent:

304 2104 412 2171 nusi.
437 2096 892 2261 ΙΡΒΙὲΤΙὲὃῐιιδὲΟΒΑΝΕΙΙΙΝ.
992 2094 1328 2258 ΙΤειιὲἑίἓηίὲιιιιιιιὸῐοτὶει
1340 2093 1535 2237 ordinemne-

512 2282 687 2375 dupino}
1015 2283 1170 2351 Instincti
1190 2284 1294 2375 pueri,
1310 2292 1342 2350 et
1364 2304 1467 2350 renen
1564 2305 1568 2313 ·

351 2382 401 2449 ‚lul
420 2356 651 2470 inserimini.
671 2377 894 2459 Quitestiste,
942 2377 1047 2457 Quem
1071 2375 1156 2443 dure
1176 2375 1315 2443 moriens
1342 2373 1489 2443 Christus
1505 2374 1537 2441 in

304 2478 361 2565 qui
387 2476 472 2542 venit
488 2474 529 2541 de
548 2472 658 2552 Edem,
683 2472 788 2539 tinctis
805 2471 899 2559 vesti·
1064 2467 1187 2547 arbore3

305 2564 368 2637 hus
386 2568 426 2636 de
443 2569 569 2635 Boura?
593 2568 657 2635 lste
684 2565 846 2633 lormosus
863 2565 894 2629 in
1014 2561 1110 2629 Fudit
1130 2560 1296 2652 multiplici
1316 2526 1540 2627 vinnonsanss

306 2664 387 2731 stola
410 2684 478 2729 sua.
536 2720 540 2727 .
697 2716 701 2723 .
1063 2654 1199 2742 guinem

353 2758 471 2827 Psalm.
494 2766 527 2823 ut
550 2752 591 2821 r'n'
625 2750 816 2833 Dominioo,
843 2754 899 2821 sed
1015 2747 1083 2815 Nos
1104 2747 1184 2814 laeti·
1203 2767 1369 2815 memores-
1388 2746 1468 2814 dum
1483 2764 1539 2812 co-

305 2852 371 2918 lono
393 2848 500 2918 ultimi
522 2846 651 2916 dicitnr:
675 2845 818 2914 Laudato
834 2848 899 2914 Do·
1064 2841 1170 2920 limus,
1193 2839 1288 2910 decet

305 2944 428 3011 minum
453 2960 564 3008 omnes
588 2949 706 3027 gentes.
738 2980 753 2997 t
1016 2935 1134 3003 Saltem
1159 2934 1295 3003 fundere
1316 2933 1485 3027 lacrymas.

351 3035 479 3123 Anrtpl.
515 3032 594 3119 Ego,
618 3032 673 3119 qui
707 3030 824 3120 loquor
843 3033 898 3121 ju·
945 3028 1095 3096 Humano
1118 3028 1226 3125 generi
1250 3028 1406 3118 pernicies
1429 3024 1536 3115 gnaris

306 3130 431 3209 sitiam,
456 3136 488 3194 et
512 3133 731 3216 propugnator
753 3144 827 3191 sum
857 3123 899 3191 ad
1017 3118 1131 3187 Adami
1155 3121 1270 3201 veteris
1292 3121 1426 3188 erimine
1461 3136 1537 3182 oon·
1591 3162 1600 3181 0

306 3220 509 3291 salvandum.
1067 3212 1144 3301 tigit:
1527 3254 1530 3263 .

352 3315 476 3404 Antiph.
503 3310 639 3379 Vestitus
663 3319 731 3377 eret
753 3316 842 3377 veste
866 3328 900 3375 a·
1018 3302 1545 3394 ndamiintegrites‚etpietusnovi

307 3428 417 3498 spensa
441 3405 613 3491 Sanguine,
637 3414 670 3472 et
684 3414 819 3472 vocetur
841 3422 901 3471 uo·
966 3426 969 3431 ·
1019 3396 1120 3467 Vitam
1140 3392 1284 3465 'redemit
1305 3394 1465 3466 omnibus.

305 3521 379 3570 men
403 3502 473 3591 ejus
497 3496 638 3565 Verbum
665 3498 732 3566 Dei.
759 3524 790 3564 ‘.
943 3490 1123 3561 Clamorem
1149 3489 1290 3557 validum
1320 3510 1469 3558 summus
1502 3489 1544 3559 ali

353 3592 428 3663 Anti
472 3590 615 3671 .Quare
636 3609 726 3679 ..ergo
765 3587 902 3657 rubrum
1068 3582 1196 3652 aethere
1355 3644 1361 3659 ,

307 3699 358 3758 ast
380 3688 412 3754 in
436 3692 602 3755 umentem
627 3689 731 3761 tuum,
748 3692 780 3751 et
807 3681 903 3750 vesti·
1022 3675 1213 3768 Languentis
1246 3675 1350 3745 Geniti
1384 3678 1412 3745 si
1452 3678 1543 3747 Pater

307 3792 413 3851 mente
437 3791 511 3860 tua,
535 3782 619 3846 siout
652 3774 847 3845 calcantium
873 3775 906 3841 in
1069 3769 1161 3865 audit

309 3871 488 3945 tumulari?
1019 3864 1139 3933 Placari
1170 3863 1277 3956 potius
1301 3863 1465 3955 Sanguine
1485 3863 1541 3932 de·

356 3966 481 4059 alonim
493 3963 646 4035 Torcular
663 3962 783 4032 cunavi
801 3960 901 4041 solus,
1065 3956 1147 4037 buit,
1332 3967 1342 3989 ·

310 4075 343 4130 ot
366 4060 407 4130 de
431 4058 578 4153 gentibus
602 4076 668 4127 non
691 4066 740 4129 est
763 4057 811 4126 vir
835 4076 904 4125 me·
1020 4052 1059 4119 Et
1083 4049 1176 4119 nobis
1199 4052 1324 4119 veniam
1347 4049 1433 4117 dare.

311 4176 397 4222 oum.
952 4148 1020 4217 lieo
1044 4145 1243 4237 quicumque
1265 4144 1378 4213 stolam
1398 4142 1541 4235 Sangui·
1658 4135 1659 4142 '

1067 4260 1108 4308 ne
1130 4238 1262 4331 proluit¹
1407 4273 1410 4277 ·

1126 1734 1286 1791 resonent·
1309 1723 1454 1814 compita·
1477 1743 1540 1791 vo·
1660 1747 1661 1758 ¹
