3584 5034
354 612 420 679 tlt
754 680 756 684 ,
834 609 961 679 Festa
984 551 1088 680 lllll}
1110 610 1113 615 ’

349 724 383 789 in
406 742 493 814 pace.
516 720 660 812 Denique
694 721 761 811 jam
783 719 931 789 concives
977 721 1097 789 malum
1112 719 1283 789 adversum
1297 740 1355 789 vos
1367 721 1561 802 mentientes,

350 825 542 894 sanctorum,
584 825 615 883 et
655 813 819 882 domestici
873 814 931 881 Dei
976 824 1106 905 propter
1128 837 1180 883 mo
1205 813 1226 856 *
1257 814 1400 883 Gaudete
1422 825 1454 883 et
1476 814 1564 886 exul,-

349 907 487 997 psalfunt
502 910 628 998 pariter,
644 918 675 977 et
691 908 929 996 gratias-agunt,
977 919 1039 974 tate
1062 911 1213 997 quoniam
1236 928 1359 976 merces.
1381 921 1484 979 vestra
1507 928 1559 975 co-

349 998 497 1069 dicentes:
513 1002 725 1069 Transivimus
741 1000 929 1090 perignem,
975 1002 1065 1092 piosa
1088 1013 1135 1067 est
1159 1004 1190 1067 in
1218 1002 1323 1069 coelis.

349 1104 382 1162 et
402 1114 530 1185 aquam,
561 1104 593 1163 ct
630 1092 763 1162 eduxisti
788 1100 860 1161 ¹nos
897 1093 929 1159 in
1021 1102 1051 1165 rt.
1075 1094 1154 1161 Cum
1179 1116 1236 1161 vos
1260 1094 1384 1161 oderint
1407 1092 1562 1175 homiuem
1590 1144 1597 1156 ,

255 1190 263 1205 “
348 1187 554 1274 refrigerium.
594 1189 795 1255 Transierunt
836 1188 930 1276 plane
976 1196 1105 1254 etcum
1129 1190 1343 1277 separaverint
1367 1200 1481 1255 vocet
1510 1198 1563 1254 ex'·

347 1280 494 1360 viriliter,
519 1290 550 1347 et
572 1281 703 1348 feliciter
742 1273 930 1370 pertransie-
977 1280 1206 1369 probraverint,
1231 1292 1263 1347 et
1279 1278 1429 1370 ejecerint
1452 1274 1566 1349 nomeu

348 1383 432 1440 runt.
459 1374 661 1441 Transierunt
681 1395 737 1462 per
759 1374 871 1459 ignem,
903 1383 934 1439 et
981 1385 1120 1440 vestrum
1135 1387 1284 1463 tanquam
1302 1372 1423 1439 malum
1440 1384 1567 1465 propter

348 1466 932 1556 aquamquosneqnetristiafrangere,
980 1465 1081 1533 filium
1106 1466 1252 1535 hominis.
1276 1467 1428 1535 Gaudete.

350 1580 411 1629 neo
433 1559 571 1628 detinere
597 1561 703 1627 mollia
722 1569 913 1650 potuerunt.
1179 1562 1282 1629 Lectio
1305 1582 1345 1627 vv.
1507 1556 1515 1575 “’

392 1660 437 1731 ,ὡ
455 1653 522 1720 Vidi
554 1654 719 1741 conjuctos
758 1655 844 1719 viros
879 1652 935 1719 ha·
987 1608 1204 1723 Benedictus
1229 1654 1380 1719 Dominus
1396 1653 1492 1740 Deus,
1513 1652 1567 1741 qui
1663 1677 1664 1698 r

309 1768 311 1771 ·
349 1744 462 1813 bentes
477 1746 658 1836 splendidas
673 1757 784 1827 vestes,
811 1756 843 1813 et
870 1754 936 1813 An·
983 1757 1141 1814 tantorum
1174 1745 1359 1813 Pontificum
1399 1746 1570 1813 ministerio
1663 1761 1664 1792 r

350 1837 441 1926 gelus
465 1840 589 1919 Domini
606 1840 733 1907 locutus
748 1850 796 1907 est
816 1838 857 1905 ad
886 1862 938 1906 mc
984 1842 1121 1907 visitavit
1144 1838 1268 1925 plebem
1293 1860 1395 1916 suam;
1419 1849 1452 1904 et
1484 1857 1588 1905 nunc<
1663 1863 1664 1894 2

351 1930 525 2004 dicensi*
542 1934 595 2014 ljsti
624 1943 697 2001 sunt
735 1934 796 2000 viri
834 1933 933 2001 sancti
980 1934 1149 2022 assumptis
1191 1934 1229 1999 iis
1254 1932 1285 1996 in
1314 1940 1455 1997 sanctam
1495 1931 1575 1997 civi·

350 2024 423 2105 facti
437 2021 533 2095 amici
545 2028 612 2095 Dei.
714 2031 717 2036 ’
981 2036 1086 2106 tatem,
1110 2036 1213 2092 tantae
1244 2022 1461 2092 recordatione
1499 2044 1575 2089 sua·

392 2122 416 2186 tl
437 2120 522 2209 ,llidi
546 2118 700 2207 Angelum
733 2118 790 2203 Dei
824 2117 938 2189 fortem
984 2120 1088 2186 vitatis
1127 2128 1265 2185 nostram
1307 2136 1369 2183 non
1423 2115 1573 2183 desinunt

351 2210 757 2301 volantempc'rmediurn
797 2211 934 2293 coelum,
985 2213 1143 2281 consolari
1167 2211 1386 2301 captivitatem.
1428 2209 1575 2275 Exultent

352 2322 431 2373 voce
456 2326 568 2391 magna
591 2303 787 2387 clamantem,
816 2314 847 2371 et
890 2304 939 2371 di·
985 2308 1019 2371 in
1045 2308 1180 2372 Domino
1203 2326 1313 2372 eorum
1330 2304 1470 2391 spiritus,
1485 2299 1573 2392 quod

353 2404 494 2467 centem.
512 2398 577 2481 Isti.
670 2427 673 2435 =
986 2400 1079 2467 levati
1104 2398 1244 2488 pondero
1267 2417 1440 2485 corporeae
1471 2394 1572 2474 mulis,

592 2492 673 2573 Lect.
699 2510 728 2557 v.
984 2493 1072 2559 nulla
1093 2493 1159 2580 jam
1183 2490 1370 2569 faeculenta,
1402 2488 1452 2556 vel
1477 2499 1573 2555 terrc-

351 2532 558 2665 Lactemur,
576 2584 664 2674 quod
683 2582 849 2655 Pontifices
880 2604 939 2651 no·
985 2608 1027 2651 na
1051 2587 1179 2650 materia
1203 2592 1474 2673 praegravantur,
1506 2600 1573 2671 quo
1663 2579 1664 2614 ³

352 2678 407 2747 stri
431 2678 640 2747 ascenderunt
660 2678 820 2745 adscives
859 2697 937 2745 suos
982 2677 1086 2744 minus
1111 2688 1174 2743 tota
1199 2678 1366 2757 alacritate,
1394 2696 1432 2743 ac
1457 2676 1574 2743 vivaci·
1663 2713 1664 2732 l

352 2793 412 2863 pro
442 2770 513 2839 filiis
554 2772 741 2862 captivitatis
779 2771 934 2858 legatione
981 2782 1043 2839 tate
1068 2790 1254 2863 corpoream
1278 2790 1414 2849 omnem,
1454 2780 1485 2835 et
1524 2768 1573 2834 in-

355 2866 433 2955 funv
455 2864 630 2950 ‘tescorda
655 2863 745 2931 nobis
768 2863 938 2931 concilian-
985 2881 1171 2956 corpoream
1212 2874 1408 2937 transeuntes
1446 2874 1572 2929 creatu-

354 2967 402 3025 tes
448 2960 601 3036 catorum,
625 2957 774 3023 votaillis
796 2958 942 3029 intimam·
989 2981 1055 3025 ram
1095 2967 1227 3047 pergant
1264 2958 1318 3025 toti
1344 2957 1374 3021 in
1401 2957 1511 3034 Deum,
1538 2964 1570 3021 et
1663 3033 1664 3046 χ

356 3049 938 3139 ῑθεωίεθτονυωζΒεεῑθῐηυν,ἰηᾳυαιη
985 3051 1191 3118 adhaerentes
1215 3050 1270 3124 illi,
1298 3070 1380 3115 unus
1406 3048 1467 3113 siut
1497 3069 1574 3113 cum
1663 3065 1664 3114 1

354 3154 387 3212 ct
410 3141 596 3222 exultemus,
623 3140 698 3229 quia
721 3142 864 3209 coelestis
889 3144 941 3210 illa
988 3166 1027 3211 eo
1050 3145 1177 3232 spiritus
1200 3146 1232 3209 in
1249 3152 1419 3209 aeternum.
1438 3140 1575 3205 Domum
1663 3165 1665 3250 p

355 3237 448 3304 curia
469 3256 509 3305 er
547 3233 638 3301 nubis
674 3232 776 3315 habet,
823 3234 943 3325 quibus
991 3237 1080 3305 istam
1107 3235 1197 3304 decet
1219 3232 1407 3312 sanctitudo,
1447 3232 1579 3320 inqua
1663 3263 1664 3318 p

356 3331 396 3399 sit
419 3351 497 3397 cura
535 3330 644 3409 nostri,
685 3328 741 3417 qui
780 3330 846 3399 suis
887 3352 946 3397 nos
993 3340 1095 3396 tantae
1112 3328 1329 3417 frequentatur
1347 3323 1580 3393 memoriasan·
1663 3379 1664 3382 η

355 3431 522 3514 protegant
545 3422 672 3504 meritis,
689 3440 771 3510 qnos
794 3424 943 3490 informa·
993 3422 1113 3487 ctitatis.

351 3528 472 3584 verunt
500 3514 663 3605 exemplis,
687 3514 846 3582 miraculis
870 3534 947 3579 con·
1017 3516 1048 3588 tt.
1072 3513 1125 3579 Isti
1150 3522 1225 3578 sunt
1264 3510 1508 3601 triumphatores
1548 3517 1581 3576 et

356 3608 564 3679 firmaverunt
609 3610 716 3675 Sancti
768 3605 944 3685 Pontifices,
992 3606 1084 3671 amici
1111 3604 1175 3683 Dei,
1193 3604 1580 3695 quicontemnentesjus·

360 3704 417 3793 qui
440 3706 473 3769 in
496 3703 606 3793 spiritu
624 3699 804 3768 humilitatis
830 3698 949 3766 hostias
984 3720 1031 3787 ,sa
1054 3698 1243 3788 principum,
1269 3711 1454 3765 meruerunt
1491 3716 1584 3788 prae⁴
1663 3731 1664 3802 p

361 3796 510 3888 pacificas
522 3796 620 3862 coelis
633 3794 813 3882 frequenter
824 3791 950 3858 invene·
996 3793 1057 3857 mia
1081 3803 1216 3859 aeterna:
1663 3807 1664 3838 t

361 3900 443 3972 rant,
456 3912 514 3981 per
536 3887 720 3976 semetipsos
745 3884 952 3953 introiverunt
1020 3883 1113 3950 llodo
1137 3894 1330 3952 coronantur
1352 3895 1384 3951 et
1422 3882 1586 3973 accipiunt
1663 3887 1665 4044 p

362 3982 404 4050 ad
444 3987 541 4051 altare
566 3980 625 4047 Dei
659 3979 716 4069 ipsi
754 3977 894 4059 hostiae,
918 3988 950 4046 et
995 3978 1141 4068 palmam.

363 4076 551 4145 sacerdotes.
1018 4075 1048 4141 r.
1061 4071 1112 4136 lsti
1131 4081 1205 4136 sunt
1220 4072 1277 4160 qui
1293 4079 1445 4139 venerunt
1460 4088 1501 4134 cx
1516 4091 1589 4137 ma·

410 4174 443 4247 rt.
466 4168 549 4236 Beati
573 4166 647 4236 estis
670 4187 744 4234 cum
777 4162 946 4233 maledixe-
992 4185 1055 4253 gna
1071 4161 1281 4244 tribulatione,
1302 4174 1333 4232 et
1357 4163 1503 4229 laverunt
1518 4174 1588 4234 sto·

365 4260 429 4326 rint
451 4259 542 4328 vobls
566 4259 719 4339 homines,
742 4266 774 4327 et
788 4260 948 4349 persecuti
992 4256 1040 4325 las
1062 4278 1137 4324 suas
1154 4256 1183 4323 in
1200 4258 1353 4345 sangnine
1367 4254 1448 4344 agni.
1469 4254 1581 4326 llodo.

368 4370 426 4421 vos
451 4351 576 4433 fuerint,
617 4364 649 4421 et
687 4352 824 4421 dixerint
858 4372 954 4422 omne
1022 4350 1127 4420 Gloria
1151 4350 1241 4418 Patri.
1264 4345 1367 4416 llodo.
