<?xml version="1.0" encoding="UTF-8"?>
<!DOCTYPE html PUBLIC "-//W3C//DTD XHTML 1.0 Transitional//EN"
    "http://www.w3.org/TR/xhtml1/DTD/xhtml1-transitional.dtd">
<html xmlns="http://www.w3.org/1999/xhtml" xml:lang="en" lang="en">
 <head>
  <title>
</title>
<meta http-equiv="Content-Type" content="text/html;charset=utf-8" />
  <meta name='ocr-system' content='tesseract 3.04.00' />
  <meta name='ocr-capabilities' content='ocr_page ocr_carea ocr_par ocr_line ocrx_word'/>
</head>
<body>
  <div class='ocr_page' id='page_1' title='image "./officiasanctoru00churgoog/officiasanctoru00churgoog_0170.png"; bbox 0 0 3584 5034; ppageno 0'>
   <div class='ocr_carea' id='block_1_1' title="bbox 271 629 1551 1311">
    <p class='ocr_par' dir='ltr' id='par_1_1' title="bbox 271 629 1551 1311">
     <span class='ocr_line' id='line_1_1' title="bbox 318 629 1132 726; baseline 0.006 -23"><span class='ocrx_word' id='word_1_1' title='bbox 318 629 383 704; x_wconf 74' lang='grc'><strong>450</strong></span> <span class='ocrx_word' id='word_1_2' title='bbox 471 705 476 711; x_wconf 82' lang='grc'>,</span> <span class='ocrx_word' id='word_1_3' title='bbox 657 722 659 726; x_wconf 12' lang='lat' dir='ltr'>v</span> <span class='ocrx_word' id='word_1_4' title='bbox 733 637 860 708; x_wconf 74' lang='lat' dir='ltr'><strong>rusia</strong></span> <span class='ocrx_word' id='word_1_5' title='bbox 884 633 1132 708; x_wconf 73' lang='lat' dir='ltr'><strong>stereon-tut</strong></span> 
     </span>
     <span class='ocr_line' id='line_1_2' title="bbox 348 743 1551 844; baseline 0.005 -28"><span class='ocrx_word' id='word_1_6' title='bbox 348 748 351 755; x_wconf 86' lang='lat'>&#39;</span> <span class='ocrx_word' id='word_1_7' title='bbox 414 743 625 821; x_wconf 65' lang='lat' dir='ltr'><strong>lrr&#39;scormdis‘</strong></span> <span class='ocrx_word' id='word_1_8' title='bbox 650 751 796 842; x_wconf 81' lang='lat' dir='ltr'><strong>Vesperis</strong></span> <span class='ocrx_word' id='word_1_9' title='bbox 886 772 890 785; x_wconf 68' lang='lat'><em>⁴</em></span> <span class='ocrx_word' id='word_1_10' title='bbox 949 752 1202 835; x_wconf 85' lang='lat' dir='ltr'><strong>decoratumest,</strong></span> <span class='ocrx_word' id='word_1_11' title='bbox 1218 753 1432 844; x_wconf 72' lang='lat' dir='ltr'><strong>cujuslingua</strong></span> <span class='ocrx_word' id='word_1_12' title='bbox 1449 754 1551 822; x_wconf 84' lang='lat' dir='ltr'><strong>llrnn-</strong></span> 
     </span>
     <span class='ocr_line' id='line_1_3' title="bbox 364 841 1543 937; baseline 0.007 -28"><span class='ocrx_word' id='word_1_13' title='bbox 364 841 480 911; x_wconf 81' lang='lat' dir='ltr'><strong>Ornm&#39;o</strong></span> <span class='ocrx_word' id='word_1_14' title='bbox 496 842 717 936; x_wconf 80' lang='lat' dir='ltr'><strong>utinprimia,</strong></span> <span class='ocrx_word' id='word_1_15' title='bbox 748 847 807 915; x_wconf 76' lang='lat' dir='ltr'><strong>¹ced</strong></span> <span class='ocrx_word' id='word_1_16' title='bbox 835 847 901 918; x_wconf 86' lang='lat' dir='ltr'><strong>loco</strong></span> <span class='ocrx_word' id='word_1_17' title='bbox 946 847 1028 936; x_wconf 74' lang='lat' dir='ltr'><strong>gello</strong></span> <span class='ocrx_word' id='word_1_18' title='bbox 1046 845 1158 912; x_wconf 78' lang='lat' dir='ltr'><strong>Christi</strong></span> <span class='ocrx_word' id='word_1_19' title='bbox 1175 857 1360 914; x_wconf 83' lang='lat' dir='ltr'><strong>consecrata</strong></span> <span class='ocrx_word' id='word_1_20' title='bbox 1378 849 1543 937; x_wconf 79' lang='lat' dir='ltr'><strong>est,cujus</strong></span> 
     </span>
     <span class='ocr_line' id='line_1_4' title="bbox 314 934 1547 1032; baseline 0.002 -28"><span class='ocrx_word' id='word_1_21' title='bbox 314 934 368 1004; x_wconf 72' lang='lat' dir='ltr'><strong>ult.v</strong></span> <span class='ocrx_word' id='word_1_22' title='bbox 385 937 438 1005; x_wconf 76' lang='lat' dir='ltr'><strong>m.</strong></span> <span class='ocrx_word' id='word_1_23' title='bbox 463 935 601 1005; x_wconf 81' lang='lat' dir='ltr'><strong>Credidi.</strong></span> <span class='ocrx_word' id='word_1_24' title='bbox 761 959 765 966; x_wconf 78' lang='grc'>’</span> <span class='ocrx_word' id='word_1_25' title='bbox 955 938 1143 1017; x_wconf 84' lang='lat' dir='ltr'><strong>cordivina</strong></span> <span class='ocrx_word' id='word_1_26' title='bbox 1182 939 1319 1008; x_wconf 88' lang='lat' dir='ltr'><strong>charitas</strong></span> <span class='ocrx_word' id='word_1_27' title='bbox 1359 943 1547 1032; x_wconf 86' lang='lat' dir='ltr'><strong>penetravit,</strong></span> 
     </span>
     <span class='ocr_line' id='line_1_5' title="bbox 347 1030 1549 1127; baseline 0.003 -29"><span class='ocrx_word' id='word_1_28' title='bbox 347 1114 376 1127; x_wconf 25' lang='grc' dir='ltr'>μ</span> <span class='ocrx_word' id='word_1_29' title='bbox 479 1031 530 1099; x_wconf 81' lang='lat' dir='ltr'><strong>Ad</strong></span> <span class='ocrx_word' id='word_1_30' title='bbox 556 1030 750 1121; x_wconf 63' lang='lat' dir='ltr'><strong>Magnifica.</strong></span> <span class='ocrx_word' id='word_1_31' title='bbox 957 1033 1050 1123; x_wconf 83' lang='lat' dir='ltr'><strong>cujus</strong></span> <span class='ocrx_word' id='word_1_32' title='bbox 1075 1053 1194 1125; x_wconf 88' lang='lat' dir='ltr'><strong>corpus</strong></span> <span class='ocrx_word' id='word_1_33' title='bbox 1226 1032 1299 1102; x_wconf 85' lang='lat' dir='ltr'><strong>fidei</strong></span> <span class='ocrx_word' id='word_1_34' title='bbox 1340 1035 1467 1103; x_wconf 88' lang='lat' dir='ltr'><strong>victima</strong></span> <span class='ocrx_word' id='word_1_35' title='bbox 1491 1035 1549 1102; x_wconf 88' lang='lat' dir='ltr'><strong>im-</strong></span> 
     </span>
     <span class='ocr_line' id='line_1_6' title="bbox 360 1123 1549 1216; baseline 0.003 -24"><span class='ocrx_word' id='word_1_36' title='bbox 360 1123 537 1214; x_wconf 64' lang='lat' dir='ltr'><strong>incipio</strong></span> <span class='ocrx_word' id='word_1_37' title='bbox 577 1124 706 1193; x_wconf 89' lang='lat' dir='ltr'><strong>beatum</strong></span> <span class='ocrx_word' id='word_1_38' title='bbox 740 1127 905 1216; x_wconf 77' lang='lat' dir='ltr'><strong>juvenem,</strong></span> <span class='ocrx_word' id='word_1_39' title='bbox 953 1127 1118 1207; x_wconf 89' lang='lat' dir='ltr'><strong>molatum,</strong></span> <span class='ocrx_word' id='word_1_40' title='bbox 1144 1129 1239 1216; x_wconf 85' lang='lat' dir='ltr'><strong>eujus</strong></span> <span class='ocrx_word' id='word_1_41' title='bbox 1262 1128 1369 1196; x_wconf 87' lang='lat' dir='ltr'><strong>anima</strong></span> <span class='ocrx_word' id='word_1_42' title='bbox 1393 1130 1426 1196; x_wconf 90' lang='lat' dir='ltr'><strong>in</strong></span> <span class='ocrx_word' id='word_1_43' title='bbox 1451 1127 1549 1198; x_wconf 81' lang='lat' dir='ltr'><strong>coelis</strong></span> 
     </span>
     <span class='ocr_line' id='line_1_7' title="bbox 271 1218 1395 1311; baseline 0.001 -25"><span class='ocrx_word' id='word_1_44' title='bbox 271 1261 277 1273; x_wconf 86' lang='lat'><strong>·</strong></span> <span class='ocrx_word' id='word_1_45' title='bbox 312 1218 405 1307; x_wconf 84' lang='lat' dir='ltr'><strong>enjus</strong></span> <span class='ocrx_word' id='word_1_46' title='bbox 427 1227 525 1308; x_wconf 89' lang='lat' dir='ltr'><strong>caput</strong></span> <span class='ocrx_word' id='word_1_47' title='bbox 546 1218 738 1290; x_wconf 84' lang='lat' dir='ltr'><strong>coelestibus</strong></span> <span class='ocrx_word' id='word_1_48' title='bbox 767 1218 903 1286; x_wconf 87' lang='lat' dir='ltr'><strong>llammis</strong></span> <span class='ocrx_word' id='word_1_49' title='bbox 948 1232 1128 1288; x_wconf 80' lang='lat' dir='ltr'><strong>coronatur.</strong></span> <span class='ocrx_word' id='word_1_50' title='bbox 1145 1221 1289 1311; x_wconf 81' lang='lat' dir='ltr'><strong>Alleluja.</strong></span> <span class='ocrx_word' id='word_1_51' title='bbox 1393 1243 1395 1250; x_wconf 94' lang='lat'>·</span> 
     </span>
    </p>
   </div>
   <div class='ocr_carea' id='block_1_2' title="bbox 631 1381 1518 1556">
    <p class='ocr_par' dir='ltr' id='par_1_2' title="bbox 631 1360 1518 1556">
     <span class='ocr_line' id='line_1_8' title="bbox 631 1381 1518 1556; baseline -0.012 -35"><span class='ocrx_word' id='word_1_52' title='bbox 631 1406 849 1524; x_wconf 82' lang='lat' dir='ltr'><strong>rnsm</strong></span> <span class='ocrx_word' id='word_1_53' title='bbox 891 1381 1273 1556; x_wconf 80' lang='lat' dir='ltr'><strong>curonm&#39;s.</strong></span> <span class='ocrx_word' id='word_1_54' title='bbox 1499 1461 1518 1510; x_wconf 24' lang='lat' dir='ltr'><strong>a.</strong></span> 
     </span>
    </p>
   </div>
   <div class='ocr_carea' id='block_1_3' title="bbox 290 1789 1552 2535">
    <p class='ocr_par' dir='ltr' id='par_1_3' title="bbox 319 1789 1552 1965">
     <span class='ocr_line' id='line_1_9' title="bbox 319 1789 1552 1868; baseline 0.007 -15"><span class='ocrx_word' id='word_1_55' title='bbox 319 1863 323 1868; x_wconf 91' lang='lat'>.</span> <span class='ocrx_word' id='word_1_56' title='bbox 570 1789 640 1855; x_wconf 81' lang='lat' dir='ltr'><strong>lllli</strong></span> <span class='ocrx_word' id='word_1_57' title='bbox 667 1791 697 1855; x_wconf 82' lang='lat' dir='ltr'><strong>o.</strong></span> <span class='ocrx_word' id='word_1_58' title='bbox 739 1799 742 1804; x_wconf 82' lang='grc'><strong>’</strong></span> <span class='ocrx_word' id='word_1_59' title='bbox 955 1789 1004 1856; x_wconf 87' lang='lat' dir='ltr'><strong>los</strong></span> <span class='ocrx_word' id='word_1_60' title='bbox 1029 1801 1258 1857; x_wconf 78' lang='lat' dir='ltr'><strong>numeraretur.</strong></span> <span class='ocrx_word' id='word_1_61' title='bbox 1299 1791 1337 1856; x_wconf 90' lang='lat' dir='ltr'><strong>ln</strong></span> <span class='ocrx_word' id='word_1_62' title='bbox 1376 1789 1552 1862; x_wconf 74' lang='lat' dir='ltr'><strong>solitudine</strong></span> 
     </span>
     <span class='ocr_line' id='line_1_10' title="bbox 336 1881 1551 1965; baseline 0.003 -16"><span class='ocrx_word' id='word_1_63' title='bbox 336 1882 383 1950; x_wconf 79' lang='lat' dir='ltr'><strong>Sa.</strong></span> <span class='ocrx_word' id='word_1_64' title='bbox 400 1885 527 1952; x_wconf 79' lang='lat' dir='ltr'><strong>Pnacrnr</strong></span> <span class='ocrx_word' id='word_1_65' title='bbox 541 1934 549 1965; x_wconf 92' lang='lat'>‚</span> <span class='ocrx_word' id='word_1_66' title='bbox 564 1902 606 1950; x_wconf 81' lang='lat' dir='ltr'><strong>ar</strong></span> <span class='ocrx_word' id='word_1_67' title='bbox 634 1883 798 1954; x_wconf 72' lang='lat' dir='ltr'><strong>Sounion</strong></span> <span class='ocrx_word' id='word_1_68' title='bbox 827 1881 890 1950; x_wconf 78' lang='lat' dir='ltr'><strong>liu.</strong></span> <span class='ocrx_word' id='word_1_69' title='bbox 953 1881 1132 1950; x_wconf 81' lang='lat' dir='ltr'><strong>sublacensi</strong></span> <span class='ocrx_word' id='word_1_70' title='bbox 1156 1881 1259 1950; x_wconf 87' lang='lat' dir='ltr'><strong>eidem</strong></span> <span class='ocrx_word' id='word_1_71' title='bbox 1285 1883 1551 1953; x_wconf 84' lang='lat' dir='ltr'><strong>Divolie&#39;nedicto</strong></span> 
     </span>
    </p>

    <p class='ocr_par' dir='ltr' id='par_1_4' title="bbox 305 1971 1551 2347">
     <span class='ocr_line' id='line_1_11' title="bbox 330 1971 1551 2068; baseline 0.002 -25"><span class='ocrx_word' id='word_1_72' title='bbox 330 2050 333 2056; x_wconf 56' lang='grc'><strong>,</strong></span> <span class='ocrx_word' id='word_1_73' title='bbox 567 1977 650 2066; x_wconf 84' lang='lat' dir='ltr'><strong>dupl.</strong></span> <span class='ocrx_word' id='word_1_74' title='bbox 812 2053 819 2068; x_wconf 44' lang='lat'><strong>·</strong></span> <span class='ocrx_word' id='word_1_75' title='bbox 876 1971 880 1978; x_wconf 82' lang='grc'>’</span> <span class='ocrx_word' id='word_1_76' title='bbox 954 1973 1071 2042; x_wconf 80' lang='lat' dir='ltr'><strong>iontem</strong></span> <span class='ocrx_word' id='word_1_77' title='bbox 1089 1971 1241 2043; x_wconf 89' lang='lat' dir='ltr'><strong>divinitus</strong></span> <span class='ocrx_word' id='word_1_78' title='bbox 1258 1976 1433 2068; x_wconf 85' lang='lat' dir='ltr'><strong>impetranti</strong></span> <span class='ocrx_word' id='word_1_79' title='bbox 1445 1974 1551 2046; x_wconf 87' lang='lat' dir='ltr'><strong>adluit</strong></span> 
     </span>
     <span class='ocr_line' id='line_1_12' title="bbox 349 2061 1550 2160; baseline -0.002 -21"><span class='ocrx_word' id='word_1_80' title='bbox 349 2071 439 2139; x_wconf 81' lang='lat' dir='ltr'><strong>Omn.</strong></span> <span class='ocrx_word' id='word_1_81' title='bbox 455 2061 747 2160; x_wconf 76' lang='lat' dir='ltr'><strong>decommplurim.</strong></span> <span class='ocrx_word' id='word_1_82' title='bbox 769 2071 906 2160; x_wconf 76' lang='lat' dir='ltr'><strong>Martyr.</strong></span> <span class='ocrx_word' id='word_1_83' title='bbox 953 2065 1220 2137; x_wconf 81' lang='lat' dir='ltr'><strong>Adulescentulus</strong></span> <span class='ocrx_word' id='word_1_84' title='bbox 1260 2067 1301 2138; x_wconf 83' lang='lat' dir='ltr'><strong>ed</strong></span> <span class='ocrx_word' id='word_1_85' title='bbox 1340 2068 1550 2160; x_wconf 64' lang='lat' dir='ltr'><strong>hauriendam</strong></span> 
     </span>
     <span class='ocr_line' id='line_1_13' title="bbox 305 2161 1551 2255; baseline -0.003 -21"><span class='ocrx_word' id='word_1_86' title='bbox 305 2177 435 2252; x_wconf 76' lang='lat' dir='ltr'><strong>procur</strong></span> <span class='ocrx_word' id='word_1_87' title='bbox 458 2161 625 2255; x_wconf 74' lang='lat' dir='ltr'><strong>sequentia.</strong></span> <span class='ocrx_word' id='word_1_88' title='bbox 855 2171 861 2184; x_wconf 88' lang='lat'>&#39;</span> <span class='ocrx_word' id='word_1_89' title='bbox 951 2181 1070 2252; x_wconf 82' lang='lat' dir='ltr'><strong>equam</strong></span> <span class='ocrx_word' id='word_1_90' title='bbox 1102 2183 1261 2252; x_wconf 69' lang='lat' dir='ltr'><strong>egressus</strong></span> <span class='ocrx_word' id='word_1_91' title='bbox 1301 2173 1346 2246; x_wconf 84' lang='lat' dir='ltr'><strong>et</strong></span> <span class='ocrx_word' id='word_1_92' title='bbox 1372 2164 1405 2229; x_wconf 91' lang='lat' dir='ltr'><strong>in</strong></span> <span class='ocrx_word' id='word_1_93' title='bbox 1443 2163 1551 2230; x_wconf 88' lang='lat' dir='ltr'><strong>lacurn</strong></span> 
     </span>
     <span class='ocr_line' id='line_1_14' title="bbox 540 2253 1551 2347; baseline 0.002 -25"><span class='ocrx_word' id='word_1_94' title='bbox 540 2293 546 2302; x_wconf 92' lang='lat'><strong>·</strong></span> <span class='ocrx_word' id='word_1_95' title='bbox 571 2253 690 2324; x_wconf 80' lang='lat' dir='ltr'><strong>Oratio.</strong></span> <span class='ocrx_word' id='word_1_96' title='bbox 952 2254 1133 2347; x_wconf 63' lang='lat' dir='ltr'><strong>prolapsum</strong></span> <span class='ocrx_word' id='word_1_97' title='bbox 1158 2257 1301 2346; x_wconf 87' lang='lat' dir='ltr'><strong>ejusdem</strong></span> <span class='ocrx_word' id='word_1_98' title='bbox 1327 2257 1358 2326; x_wconf 90' lang='lat' dir='ltr'><strong>S.</strong></span> <span class='ocrx_word' id='word_1_99' title='bbox 1376 2257 1476 2323; x_wconf 87' lang='lat' dir='ltr'><strong>Patris</strong></span> <span class='ocrx_word' id='word_1_100' title='bbox 1492 2259 1551 2324; x_wconf 89' lang='lat' dir='ltr'><strong>im·</strong></span> 
     </span>
    </p>

    <p class='ocr_par' dir='ltr' id='par_1_5' title="bbox 290 2302 1550 2535">
     <span class='ocr_line' id='line_1_15' title="bbox 290 2302 1550 2442; baseline -0.002 -23"><span class='ocrx_word' id='word_1_101' title='bbox 290 2302 438 2430; x_wconf 7' lang='lat' dir='ltr'><strong>cneus,</strong></span> <span class='ocrx_word' id='word_1_102' title='bbox 468 2351 539 2442; x_wconf 85' lang='lat' dir='ltr'><strong>qui.</strong></span> <span class='ocrx_word' id='word_1_103' title='bbox 564 2350 694 2417; x_wconf 89' lang='lat' dir='ltr'><strong>Beatum</strong></span> <span class='ocrx_word' id='word_1_104' title='bbox 735 2347 903 2417; x_wconf 82' lang='lat' dir='ltr'><strong>Placidum</strong></span> <span class='ocrx_word' id='word_1_105' title='bbox 949 2349 1109 2440; x_wconf 86' lang='lat' dir='ltr'><strong>periop&#39;er</strong></span> <span class='ocrx_word' id='word_1_106' title='bbox 1124 2349 1270 2418; x_wconf 85' lang='lat' dir='ltr'><strong>Maurum</strong></span> <span class='ocrx_word' id='word_1_107' title='bbox 1288 2348 1480 2417; x_wconf 83' lang='lat' dir='ltr'><strong>Monachum</strong></span> <span class='ocrx_word' id='word_1_108' title='bbox 1496 2371 1550 2418; x_wconf 93' lang='lat' dir='ltr'><strong>su-</strong></span> 
     </span>
     <span class='ocr_line' id='line_1_16' title="bbox 310 2441 1550 2535; baseline 0 -25"><span class='ocrx_word' id='word_1_109' title='bbox 310 2444 344 2510; x_wconf 89' lang='lat' dir='ltr'><strong>in</strong></span> <span class='ocrx_word' id='word_1_110' title='bbox 368 2446 462 2534; x_wconf 83' lang='lat' dir='ltr'><strong>equis</strong></span> <span class='ocrx_word' id='word_1_111' title='bbox 493 2465 575 2535; x_wconf 88' lang='lat' dir='ltr'><strong>pene</strong></span> <span class='ocrx_word' id='word_1_112' title='bbox 605 2442 786 2510; x_wconf 86' lang='lat' dir='ltr'><strong>demersrlm</strong></span> <span class='ocrx_word' id='word_1_113' title='bbox 812 2444 907 2534; x_wconf 86' lang='lat' dir='ltr'><strong>mira·</strong></span> <span class='ocrx_word' id='word_1_114' title='bbox 954 2465 1013 2533; x_wconf 86' lang='lat' dir='ltr'><strong>per</strong></span> <span class='ocrx_word' id='word_1_115' title='bbox 1035 2465 1136 2533; x_wconf 83' lang='lat' dir='ltr'><strong>equas</strong></span> <span class='ocrx_word' id='word_1_116' title='bbox 1160 2445 1246 2513; x_wconf 89' lang='lat' dir='ltr'><strong>sicco</strong></span> <span class='ocrx_word' id='word_1_117' title='bbox 1271 2441 1354 2534; x_wconf 89' lang='lat' dir='ltr'><strong>pede</strong></span> <span class='ocrx_word' id='word_1_118' title='bbox 1369 2453 1550 2512; x_wconf 89' lang='lat' dir='ltr'><strong>currentem</strong></span> 
     </span>
    </p>
   </div>
   <div class='ocr_carea' id='block_1_4' title="bbox 292 2529 1662 2722">
    <p class='ocr_par' dir='ltr' id='par_1_6' title="bbox 292 2529 1662 2722">
     <span class='ocr_line' id='line_1_17' title="bbox 292 2529 1662 2630; baseline 0.001 -29"><span class='ocrx_word' id='word_1_119' title='bbox 292 2529 415 2627; x_wconf 13' lang='lat' dir='ltr'><strong>&#39;&#39;hiliter</strong></span> <span class='ocrx_word' id='word_1_120' title='bbox 444 2539 597 2630; x_wconf 83' lang='lat' dir='ltr'><strong>eripuisti,</strong></span> <span class='ocrx_word' id='word_1_121' title='bbox 622 2548 658 2604; x_wconf 88' lang='lat' dir='ltr'><strong>ut</strong></span> <span class='ocrx_word' id='word_1_122' title='bbox 687 2535 782 2604; x_wconf 85' lang='lat' dir='ltr'><strong>fidem</strong></span> <span class='ocrx_word' id='word_1_123' title='bbox 823 2535 908 2616; x_wconf 86' lang='lat' dir='ltr'><strong>inde,</strong></span> <span class='ocrx_word' id='word_1_124' title='bbox 956 2536 1065 2602; x_wconf 88' lang='lat' dir='ltr'><strong>salvus</strong></span> <span class='ocrx_word' id='word_1_125' title='bbox 1089 2535 1271 2628; x_wconf 86' lang='lat' dir='ltr'><strong>mirabiliter</strong></span> <span class='ocrx_word' id='word_1_126' title='bbox 1295 2546 1456 2604; x_wconf 82' lang='lat' dir='ltr'><strong>extractus</strong></span> <span class='ocrx_word' id='word_1_127' title='bbox 1480 2537 1549 2604; x_wconf 84' lang='lat' dir='ltr'><strong>luit</strong></span> <span class='ocrx_word' id='word_1_128' title='bbox 1661 2579 1662 2585; x_wconf 22' lang='grc' dir='ltr'><strong>κ</strong></span> 
     </span>
     <span class='ocr_line' id='line_1_18' title="bbox 310 2627 1661 2722; baseline -0.001 -25"><span class='ocrx_word' id='word_1_129' title='bbox 310 2627 408 2720; x_wconf 78' lang='lat' dir='ltr'><strong>quarn</strong></span> <span class='ocrx_word' id='word_1_130' title='bbox 432 2653 506 2700; x_wconf 90' lang='lat' dir='ltr'><strong>cum</strong></span> <span class='ocrx_word' id='word_1_131' title='bbox 525 2631 669 2722; x_wconf 82' lang='lat' dir='ltr'><strong>pluribus</strong></span> <span class='ocrx_word' id='word_1_132' title='bbox 685 2631 779 2697; x_wconf 90' lang='lat' dir='ltr'><strong>sociis</strong></span> <span class='ocrx_word' id='word_1_133' title='bbox 795 2649 904 2698; x_wconf 88' lang='lat' dir='ltr'><strong>coram</strong></span> <span class='ocrx_word' id='word_1_134' title='bbox 953 2627 990 2695; x_wconf 88' lang='lat' dir='ltr'><strong>ln</strong></span> <span class='ocrx_word' id='word_1_135' title='bbox 1016 2628 1164 2696; x_wconf 77' lang='lat' dir='ltr'><strong>Casinum</strong></span> <span class='ocrx_word' id='word_1_136' title='bbox 1201 2639 1340 2698; x_wconf 90' lang='lat' dir='ltr'><strong>montem</strong></span> <span class='ocrx_word' id='word_1_137' title='bbox 1381 2651 1475 2698; x_wconf 89' lang='lat' dir='ltr'><strong>cum·</strong></span> <span class='ocrx_word' id='word_1_138' title='bbox 1495 2629 1550 2697; x_wconf 94' lang='lat' dir='ltr'><strong>illo</strong></span> <span class='ocrx_word' id='word_1_139' title='bbox 1660 2657 1661 2661; x_wconf 43' lang='lat'>¹</span> 
     </span>
    </p>
   </div>
   <div class='ocr_carea' id='block_1_5' title="bbox 212 2720 1557 4406">
    <p class='ocr_par' dir='ltr' id='par_1_7' title="bbox 212 2720 1553 3467">
     <span class='ocr_line' id='line_1_19' title="bbox 309 2720 1550 2814; baseline 0.001 -25"><span class='ocrx_word' id='word_1_140' title='bbox 309 2725 569 2814; x_wconf 85' lang='lat' dir='ltr'><strong>persecutoribus</strong></span> <span class='ocrx_word' id='word_1_141' title='bbox 624 2725 792 2807; x_wconf 75' lang='lat' dir='ltr'><strong>confessus</strong></span> <span class='ocrx_word' id='word_1_142' title='bbox 847 2733 907 2804; x_wconf 87' lang='lat' dir='ltr'><strong>est,</strong></span> <span class='ocrx_word' id='word_1_143' title='bbox 955 2720 1074 2789; x_wconf 89' lang='lat' dir='ltr'><strong>deinde</strong></span> <span class='ocrx_word' id='word_1_144' title='bbox 1113 2721 1254 2805; x_wconf 87' lang='lat' dir='ltr'><strong>veniens,</strong></span> <span class='ocrx_word' id='word_1_145' title='bbox 1295 2744 1414 2791; x_wconf 88' lang='lat' dir='ltr'><strong>annum</strong></span> <span class='ocrx_word' id='word_1_146' title='bbox 1453 2744 1550 2812; x_wconf 84' lang='lat' dir='ltr'><strong>agens</strong></span> 
     </span>
     <span class='ocr_line' id='line_1_20' title="bbox 310 2813 1552 2912; baseline 0.002 -31"><span class='ocrx_word' id='word_1_147' title='bbox 310 2813 442 2907; x_wconf 84' lang='lat' dir='ltr'><strong>proprio</strong></span> <span class='ocrx_word' id='word_1_148' title='bbox 481 2821 636 2906; x_wconf 83' lang='lat' dir='ltr'><strong>sanguine</strong></span> <span class='ocrx_word' id='word_1_149' title='bbox 692 2815 903 2886; x_wconf 87' lang='lat' dir='ltr'><strong>confirmaret:</strong></span> <span class='ocrx_word' id='word_1_150' title='bbox 924 2864 932 2880; x_wconf 90' lang='lat'><strong>.</strong></span> <span class='ocrx_word' id='word_1_151' title='bbox 952 2815 1098 2898; x_wconf 81' lang='lat' dir='ltr'><strong>alterum,</strong></span> <span class='ocrx_word' id='word_1_152' title='bbox 1123 2825 1155 2884; x_wconf 89' lang='lat' dir='ltr'><strong>et</strong></span> <span class='ocrx_word' id='word_1_153' title='bbox 1177 2816 1379 2912; x_wconf 65' lang='lat' dir='ltr'><strong>trigesimum,</strong></span> <span class='ocrx_word' id='word_1_154' title='bbox 1412 2817 1443 2883; x_wconf 91' lang='lat' dir='ltr'><strong>in</strong></span> <span class='ocrx_word' id='word_1_155' title='bbox 1473 2817 1552 2885; x_wconf 89' lang='lat' dir='ltr'><strong>Sici·</strong></span> 
     </span>
     <span class='ocr_line' id='line_1_21' title="bbox 310 2893 1549 3005; baseline 0.002 -30"><span class='ocrx_word' id='word_1_156' title='bbox 310 2909 453 3000; x_wconf 90' lang='lat' dir='ltr'><strong>ipsorum</strong></span> <span class='ocrx_word' id='word_1_157' title='bbox 476 2910 569 3001; x_wconf 88' lang='lat' dir='ltr'><strong>nobis</strong></span> <span class='ocrx_word' id='word_1_158' title='bbox 585 2913 813 2980; x_wconf 88' lang='lat' dir='ltr'><strong>intercessione</strong></span> <span class='ocrx_word' id='word_1_159' title='bbox 825 2929 902 2978; x_wconf 89' lang='lat' dir='ltr'><strong>con·</strong></span> <span class='ocrx_word' id='word_1_160' title='bbox 934 2893 1025 2996; x_wconf 45' lang='lat' dir='ltr'><strong>„liam</strong></span> <span class='ocrx_word' id='word_1_161' title='bbox 1036 2903 1358 3005; x_wconf 64' lang='lat' dir='ltr'><strong>plittituurt-bonaet</strong></span> <span class='ocrx_word' id='word_1_162' title='bbox 1373 2909 1549 3001; x_wconf 88' lang='lat' dir='ltr'><strong>possessio·</strong></span> 
     </span>
     <span class='ocr_line' id='line_1_22' title="bbox 282 3000 1552 3096; baseline 0.002 -27"><span class='ocrx_word' id='word_1_163' title='bbox 282 3072 284 3077; x_wconf 76' lang='grc'>,</span> <span class='ocrx_word' id='word_1_164' title='bbox 311 3000 400 3085; x_wconf 89' lang='lat' dir='ltr'><strong>cede,</strong></span> <span class='ocrx_word' id='word_1_165' title='bbox 425 3011 462 3071; x_wconf 93' lang='lat' dir='ltr'><strong>ut</strong></span> <span class='ocrx_word' id='word_1_166' title='bbox 485 3004 607 3074; x_wconf 86' lang='lat' dir='ltr'><strong>animas</strong></span> <span class='ocrx_word' id='word_1_167' title='bbox 629 3015 753 3072; x_wconf 88' lang='lat' dir='ltr'><strong>nostras</strong></span> <span class='ocrx_word' id='word_1_168' title='bbox 777 3012 907 3096; x_wconf 89' lang='lat' dir='ltr'><strong>propter</strong></span> <span class='ocrx_word' id='word_1_169' title='bbox 931 3007 1021 3083; x_wconf 81' lang='lat' dir='ltr'><strong>nes,</strong></span> <span class='ocrx_word' id='word_1_170' title='bbox 1039 3023 1120 3092; x_wconf 89' lang='lat' dir='ltr'><strong>quas</strong></span> <span class='ocrx_word' id='word_1_171' title='bbox 1136 3014 1228 3094; x_wconf 88' lang='lat' dir='ltr'><strong>pater</strong></span> <span class='ocrx_word' id='word_1_172' title='bbox 1244 3004 1343 3095; x_wconf 89' lang='lat' dir='ltr'><strong>ipsius</strong></span> <span class='ocrx_word' id='word_1_173' title='bbox 1361 3004 1552 3072; x_wconf 87' lang='lat' dir='ltr'><strong>llonesterio</strong></span> 
     </span>
     <span class='ocr_line' id='line_1_23' title="bbox 310 3093 1553 3186; baseline 0 -23"><span class='ocrx_word' id='word_1_174' title='bbox 310 3105 342 3163; x_wconf 90' lang='lat' dir='ltr'><strong>te</strong></span> <span class='ocrx_word' id='word_1_175' title='bbox 372 3094 507 3186; x_wconf 86' lang='lat' dir='ltr'><strong>perdere</strong></span> <span class='ocrx_word' id='word_1_176' title='bbox 548 3119 612 3167; x_wconf 90' lang='lat' dir='ltr'><strong>noo</strong></span> <span class='ocrx_word' id='word_1_177' title='bbox 651 3100 807 3177; x_wconf 87' lang='lat' dir='ltr'><strong>timentes,</strong></span> <span class='ocrx_word' id='word_1_178' title='bbox 847 3117 902 3164; x_wconf 86' lang='lat' dir='ltr'><strong>eas</strong></span> <span class='ocrx_word' id='word_1_179' title='bbox 951 3095 1128 3163; x_wconf 78' lang='lat' dir='ltr'><strong>cassinensi</strong></span> <span class='ocrx_word' id='word_1_180' title='bbox 1141 3094 1327 3178; x_wconf 85' lang='lat' dir='ltr'><strong>donaverat,</strong></span> <span class='ocrx_word' id='word_1_181' title='bbox 1343 3097 1384 3164; x_wconf 90' lang='lat' dir='ltr'><strong>ab</strong></span> <span class='ocrx_word' id='word_1_182' title='bbox 1401 3093 1553 3186; x_wconf 86' lang='lat' dir='ltr'><strong>improba</strong></span> 
     </span>
     <span class='ocr_line' id='line_1_24' title="bbox 212 3185 1551 3283; baseline -0.002 -23"><span class='ocrx_word' id='word_1_183' title='bbox 212 3247 219 3260; x_wconf 88' lang='lat'><strong>.</strong></span> <span class='ocrx_word' id='word_1_184' title='bbox 310 3189 397 3279; x_wconf 87' lang='lat' dir='ltr'><strong>apud</strong></span> <span class='ocrx_word' id='word_1_185' title='bbox 422 3190 610 3276; x_wconf 74' lang='lat' dir='ltr'><strong>teleliciter</strong></span> <span class='ocrx_word' id='word_1_186' title='bbox 632 3191 773 3260; x_wconf 89' lang='lat' dir='ltr'><strong>invenire</strong></span> <span class='ocrx_word' id='word_1_187' title='bbox 789 3209 910 3259; x_wconf 86' lang='lat' dir='ltr'><strong>merea·</strong></span> <span class='ocrx_word' id='word_1_188' title='bbox 957 3185 1160 3278; x_wconf 86' lang='lat' dir='ltr'><strong>quorundam</strong></span> <span class='ocrx_word' id='word_1_189' title='bbox 1173 3189 1346 3283; x_wconf 87' lang='lat' dir='ltr'><strong>cupiditate</strong></span> <span class='ocrx_word' id='word_1_190' title='bbox 1358 3188 1551 3257; x_wconf 82' lang='lat' dir='ltr'><strong>detenderet</strong></span> 
     </span>
     <span class='ocr_line' id='line_1_25' title="bbox 309 3281 1551 3373; baseline 0.001 -24"><span class='ocrx_word' id='word_1_191' title='bbox 309 3304 393 3351; x_wconf 87' lang='lat' dir='ltr'><strong>mur.</strong></span> <span class='ocrx_word' id='word_1_192' title='bbox 416 3285 478 3352; x_wconf 85' lang='lat' dir='ltr'><strong>Per</strong></span> <span class='ocrx_word' id='word_1_193' title='bbox 502 3285 682 3354; x_wconf 84' lang='lat' dir='ltr'><strong>Dominum.</strong></span> <span class='ocrx_word' id='word_1_194' title='bbox 957 3281 1078 3362; x_wconf 83' lang='lat' dir='ltr'><strong>Quoia</strong></span> <span class='ocrx_word' id='word_1_195' title='bbox 1098 3281 1209 3352; x_wconf 90' lang='lat' dir='ltr'><strong>itinere</strong></span> <span class='ocrx_word' id='word_1_196' title='bbox 1225 3304 1300 3352; x_wconf 89' lang='lat' dir='ltr'><strong>cum</strong></span> <span class='ocrx_word' id='word_1_197' title='bbox 1317 3282 1463 3373; x_wconf 88' lang='lat' dir='ltr'><strong>plurima,</strong></span> <span class='ocrx_word' id='word_1_198' title='bbox 1482 3304 1551 3350; x_wconf 87' lang='lat' dir='ltr'><strong>me-</strong></span> 
     </span>
     <span class='ocr_line' id='line_1_26' title="bbox 413 3372 1551 3467; baseline 0.001 -23"><span class='ocrx_word' id='word_1_199' title='bbox 413 3372 477 3444; x_wconf 86' lang='lat' dir='ltr'><strong>&#39;IN</strong></span> <span class='ocrx_word' id='word_1_200' title='bbox 499 3377 523 3446; x_wconf 93' lang='lat'><strong>1.</strong></span> <span class='ocrx_word' id='word_1_201' title='bbox 548 3375 774 3449; x_wconf 79' lang='lat' dir='ltr'><strong>Noctunrto</strong></span> <span class='ocrx_word' id='word_1_202' title='bbox 954 3375 1106 3467; x_wconf 80' lang='lat' dir='ltr'><strong>ximeque</strong></span> <span class='ocrx_word' id='word_1_203' title='bbox 1130 3377 1282 3445; x_wconf 84' lang='lat' dir='ltr'><strong>miracula</strong></span> <span class='ocrx_word' id='word_1_204' title='bbox 1307 3375 1449 3456; x_wconf 80' lang='lat' dir='ltr'><strong>lecisset,</strong></span> <span class='ocrx_word' id='word_1_205' title='bbox 1475 3395 1551 3444; x_wconf 87' lang='lat' dir='ltr'><strong>san·</strong></span> 
     </span>
    </p>

    <p class='ocr_par' dir='ltr' id='par_1_8' title="bbox 356 3467 1557 3748">
     <span class='ocr_line' id='line_1_27' title="bbox 356 3467 1548 3561; baseline -0.002 -22"><span class='ocrx_word' id='word_1_206' title='bbox 356 3469 403 3539; x_wconf 81' lang='lat' dir='ltr'><strong>Dc</strong></span> <span class='ocrx_word' id='word_1_207' title='bbox 420 3471 539 3561; x_wconf 84' lang='lat' dir='ltr'><strong>Script.</strong></span> <span class='ocrx_word' id='word_1_208' title='bbox 558 3495 676 3541; x_wconf 87' lang='lat' dir='ltr'><strong>occurr.</strong></span> <span class='ocrx_word' id='word_1_209' title='bbox 951 3471 1068 3537; x_wconf 85' lang='lat' dir='ltr'><strong>etitatis</strong></span> <span class='ocrx_word' id='word_1_210' title='bbox 1077 3467 1159 3536; x_wconf 86' lang='lat' dir='ltr'><strong>lema</strong></span> <span class='ocrx_word' id='word_1_211' title='bbox 1168 3467 1360 3560; x_wconf 88' lang='lat' dir='ltr'><strong>percelebris</strong></span> <span class='ocrx_word' id='word_1_212' title='bbox 1373 3469 1548 3538; x_wconf 81' lang='lat' dir='ltr'><strong>Messanam</strong></span> 
     </span>
     <span class='ocr_line' id='line_1_28' title="bbox 425 3561 1557 3652; baseline 0.001 -18"><span class='ocrx_word' id='word_1_213' title='bbox 425 3565 471 3634; x_wconf 87' lang='lat' dir='ltr'><strong>IN</strong></span> <span class='ocrx_word' id='word_1_214' title='bbox 495 3567 536 3634; x_wconf 90' lang='lat'><strong>11.</strong></span> <span class='ocrx_word' id='word_1_215' title='bbox 553 3561 779 3634; x_wconf 81' lang='lat' dir='ltr'><strong>NOCTlillNO</strong></span> <span class='ocrx_word' id='word_1_216' title='bbox 954 3563 1049 3644; x_wconf 81' lang='lat' dir='ltr'><strong>venit3</strong></span> <span class='ocrx_word' id='word_1_217' title='bbox 1074 3573 1325 3652; x_wconf 87' lang='lat' dir='ltr'><strong>constructoque</strong></span> <span class='ocrx_word' id='word_1_218' title='bbox 1350 3582 1414 3632; x_wconf 91' lang='lat' dir='ltr'><strong>non</strong></span> <span class='ocrx_word' id='word_1_219' title='bbox 1457 3563 1557 3652; x_wconf 80' lang='lat' dir='ltr'><strong>longe.</strong></span> 
     </span>
     <span class='ocr_line' id='line_1_29' title="bbox 557 3658 1548 3748; baseline 0 -22"><span class='ocrx_word' id='word_1_220' title='bbox 557 3661 639 3726; x_wconf 84' lang='lat' dir='ltr'><strong>Lect.</strong></span> <span class='ocrx_word' id='word_1_221' title='bbox 652 3677 693 3726; x_wconf 84' lang='lat' dir='ltr'><strong>rr.</strong></span> <span class='ocrx_word' id='word_1_222' title='bbox 951 3665 1088 3747; x_wconf 90' lang='lat' dir='ltr'><strong>aportu</strong></span> <span class='ocrx_word' id='word_1_223' title='bbox 1121 3658 1153 3722; x_wconf 92' lang='lat' dir='ltr'><strong>in</strong></span> <span class='ocrx_word' id='word_1_224' title='bbox 1193 3667 1323 3747; x_wconf 83' lang='lat' dir='ltr'><strong>paterna</strong></span> <span class='ocrx_word' id='word_1_225' title='bbox 1347 3659 1548 3748; x_wconf 83' lang='lat' dir='ltr'><strong>possessione</strong></span> 
     </span>
    </p>

    <p class='ocr_par' dir='ltr' id='par_1_9' title="bbox 271 3703 1549 4406">
     <span class='ocr_line' id='line_1_30' title="bbox 309 3703 1549 3840; baseline 0.002 -25"><span class='ocrx_word' id='word_1_226' title='bbox 309 3703 491 3821; x_wconf 76' lang='lat' dir='ltr'><strong>Placidus</strong></span> <span class='ocrx_word' id='word_1_227' title='bbox 534 3752 716 3832; x_wconf 81' lang='lat' dir='ltr'><strong>liomanus,</strong></span> <span class='ocrx_word' id='word_1_228' title='bbox 764 3749 905 3818; x_wconf 79' lang='lat' dir='ltr'><strong>Tertullo</strong></span> <span class='ocrx_word' id='word_1_229' title='bbox 952 3749 1124 3832; x_wconf 86' lang='lat' dir='ltr'><strong>Caecubio,</strong></span> <span class='ocrx_word' id='word_1_230' title='bbox 1150 3749 1312 3818; x_wconf 83' lang='lat' dir='ltr'><strong>llonachis</strong></span> <span class='ocrx_word' id='word_1_231' title='bbox 1331 3750 1455 3840; x_wconf 81' lang='lat' dir='ltr'><strong>triginta</strong></span> <span class='ocrx_word' id='word_1_232' title='bbox 1472 3770 1549 3819; x_wconf 87' lang='lat' dir='ltr'><strong>oon-</strong></span> 
     </span>
     <span class='ocr_line' id='line_1_31' title="bbox 273 3842 1548 3937; baseline 0.005 -32"><span class='ocrx_word' id='word_1_233' title='bbox 273 3898 275 3905; x_wconf 93' lang='lat'><em>.</em></span> <span class='ocrx_word' id='word_1_234' title='bbox 307 3855 407 3935; x_wconf 86' lang='lat' dir='ltr'><strong>patre,</strong></span> <span class='ocrx_word' id='word_1_235' title='bbox 431 3867 472 3914; x_wconf 84' lang='lat' dir='ltr'><strong>ex</strong></span> <span class='ocrx_word' id='word_1_236' title='bbox 497 3844 692 3914; x_wconf 85' lang='lat' dir='ltr'><strong>nobilissima</strong></span> <span class='ocrx_word' id='word_1_237' title='bbox 717 3845 903 3912; x_wconf 80' lang='lat' dir='ltr'><strong>Aniciorum</strong></span> <span class='ocrx_word' id='word_1_238' title='bbox 951 3845 1088 3932; x_wconf 77' lang='lat' dir='ltr'><strong>gregatis</strong></span> <span class='ocrx_word' id='word_1_239' title='bbox 1114 3845 1320 3912; x_wconf 88' lang='lat' dir='ltr'><strong>monasticam</strong></span> <span class='ocrx_word' id='word_1_240' title='bbox 1348 3842 1548 3937; x_wconf 89' lang='lat' dir='ltr'><strong>disciplinam</strong></span> 
     </span>
     <span class='ocr_line' id='line_1_32' title="bbox 271 3929 1547 4030; baseline 0 -27"><span class='ocrx_word' id='word_1_241' title='bbox 271 4005 274 4010; x_wconf 78' lang='grc'><strong>,</strong></span> <span class='ocrx_word' id='word_1_242' title='bbox 308 3937 428 4004; x_wconf 74' lang='lat' dir='ltr'><strong>familia</strong></span> <span class='ocrx_word' id='word_1_243' title='bbox 452 3947 557 4024; x_wconf 88' lang='lat' dir='ltr'><strong>natus,</strong></span> <span class='ocrx_word' id='word_1_244' title='bbox 605 3929 662 4008; x_wconf 79' lang='lat' dir='ltr'><strong>uer</strong></span> <span class='ocrx_word' id='word_1_245' title='bbox 687 3936 905 4017; x_wconf 85' lang='lat' dir='ltr'><strong>Deooblatus‚</strong></span> <span class='ocrx_word' id='word_1_246' title='bbox 954 3938 1075 4029; x_wconf 91' lang='lat' dir='ltr'><strong>primus</strong></span> <span class='ocrx_word' id='word_1_247' title='bbox 1099 3959 1136 4005; x_wconf 89' lang='lat' dir='ltr'><strong>ea</strong></span> <span class='ocrx_word' id='word_1_248' title='bbox 1161 3939 1192 4004; x_wconf 89' lang='lat' dir='ltr'><strong>in</strong></span> <span class='ocrx_word' id='word_1_249' title='bbox 1218 3938 1325 4006; x_wconf 89' lang='lat' dir='ltr'><strong>lnsula</strong></span> <span class='ocrx_word' id='word_1_250' title='bbox 1350 3938 1547 4030; x_wconf 81' lang='lat' dir='ltr'><strong>propagavit.</strong></span> 
     </span>
     <span class='ocr_line' id='line_1_33' title="bbox 307 3961 1546 4122; baseline 0.003 -25"><span class='ocrx_word' id='word_1_251' title='bbox 307 4041 339 4097; x_wconf 89' lang='lat' dir='ltr'><strong>et</strong></span> <span class='ocrx_word' id='word_1_252' title='bbox 362 4033 461 4100; x_wconf 82' lang='lat' dir='ltr'><strong>Sento</strong></span> <span class='ocrx_word' id='word_1_253' title='bbox 484 3961 654 4110; x_wconf 79' lang='lat' dir='ltr'><strong>Benedicto</strong></span> <span class='ocrx_word' id='word_1_254' title='bbox 671 4031 814 4113; x_wconf 87' lang='lat' dir='ltr'><strong>traditus,</strong></span> <span class='ocrx_word' id='word_1_255' title='bbox 834 4041 901 4096; x_wconf 81' lang='lat' dir='ltr'><strong>tan·</strong></span> <span class='ocrx_word' id='word_1_256' title='bbox 951 4028 1032 4097; x_wconf 87' lang='lat' dir='ltr'><strong>Nihil</strong></span> <span class='ocrx_word' id='word_1_257' title='bbox 1057 4051 1096 4110; x_wconf 82' lang='lat' dir='ltr'><strong>eo</strong></span> <span class='ocrx_word' id='word_1_258' title='bbox 1113 4031 1282 4122; x_wconf 67' lang='lat' dir='ltr'><strong>placidius</strong></span> <span class='ocrx_word' id='word_1_259' title='bbox 1301 4029 1375 4100; x_wconf 88' lang='lat' dir='ltr'><strong>nihil</strong></span> <span class='ocrx_word' id='word_1_260' title='bbox 1395 4030 1546 4118; x_wconf 80' lang='lat' dir='ltr'><strong>humilius</strong></span> 
     </span>
     <span class='ocr_line' id='line_1_34' title="bbox 309 4121 1546 4216; baseline 0.002 -24"><span class='ocrx_word' id='word_1_261' title='bbox 309 4130 378 4187; x_wconf 74' lang='lat' dir='ltr'><strong>tuin</strong></span> <span class='ocrx_word' id='word_1_262' title='bbox 402 4135 530 4195; x_wconf 80' lang='lat' dir='ltr'><strong>morum</strong></span> <span class='ocrx_word' id='word_1_263' title='bbox 552 4121 737 4216; x_wconf 80' lang='lat' dir='ltr'><strong>integritate,</strong></span> <span class='ocrx_word' id='word_1_264' title='bbox 762 4137 794 4193; x_wconf 87' lang='lat' dir='ltr'><strong>et</strong></span> <span class='ocrx_word' id='word_1_265' title='bbox 833 4144 902 4191; x_wconf 90' lang='lat' dir='ltr'><strong>mo·</strong></span> <span class='ocrx_word' id='word_1_266' title='bbox 949 4134 1026 4204; x_wconf 85' lang='lat' dir='ltr'><strong>erat,</strong></span> <span class='ocrx_word' id='word_1_267' title='bbox 1051 4123 1230 4214; x_wconf 85' lang='lat' dir='ltr'><strong>prudentia,</strong></span> <span class='ocrx_word' id='word_1_268' title='bbox 1256 4125 1417 4215; x_wconf 82' lang='lat' dir='ltr'><strong>gravitate,</strong></span> <span class='ocrx_word' id='word_1_269' title='bbox 1449 4123 1546 4194; x_wconf 83' lang='lat' dir='ltr'><strong>mise·</strong></span> 
     </span>
     <span class='ocr_line' id='line_1_35' title="bbox 309 4215 1545 4311; baseline 0.01 -34"><span class='ocrx_word' id='word_1_270' title='bbox 309 4217 449 4285; x_wconf 80' lang='lat' dir='ltr'><strong>nesticae</strong></span> <span class='ocrx_word' id='word_1_271' title='bbox 473 4221 566 4289; x_wconf 83' lang='lat' dir='ltr'><strong>vitae</strong></span> <span class='ocrx_word' id='word_1_272' title='bbox 580 4221 725 4289; x_wconf 86' lang='lat' dir='ltr'><strong>institutis</strong></span> <span class='ocrx_word' id='word_1_273' title='bbox 760 4215 905 4310; x_wconf 86' lang='lat' dir='ltr'><strong>proiecit,</strong></span> <span class='ocrx_word' id='word_1_274' title='bbox 953 4217 1098 4297; x_wconf 86' lang='lat' dir='ltr'><strong>ricordia‚</strong></span> <span class='ocrx_word' id='word_1_275' title='bbox 1111 4221 1274 4309; x_wconf 74' lang='lat' dir='ltr'><strong>animique</strong></span> <span class='ocrx_word' id='word_1_276' title='bbox 1291 4227 1441 4311; x_wconf 85' lang='lat' dir='ltr'><strong>perpetua</strong></span> <span class='ocrx_word' id='word_1_277' title='bbox 1459 4229 1545 4288; x_wconf 88' lang='lat' dir='ltr'><strong>tran·</strong></span> 
     </span>
     <span class='ocr_line' id='line_1_36' title="bbox 308 4307 1543 4406; baseline 0.011 -37"><span class='ocrx_word' id='word_1_278' title='bbox 308 4315 346 4370; x_wconf 87' lang='lat' dir='ltr'><strong>ut</strong></span> <span class='ocrx_word' id='word_1_279' title='bbox 369 4307 449 4376; x_wconf 87' lang='lat' dir='ltr'><strong>inter</strong></span> <span class='ocrx_word' id='word_1_280' title='bbox 471 4315 661 4406; x_wconf 87' lang='lat' dir='ltr'><strong>praecipuos</strong></span> <span class='ocrx_word' id='word_1_281' title='bbox 676 4315 746 4403; x_wconf 87' lang='lat' dir='ltr'><strong>ejus</strong></span> <span class='ocrx_word' id='word_1_282' title='bbox 762 4309 905 4404; x_wconf 84' lang='lat' dir='ltr'><strong>discipu·</strong></span> <span class='ocrx_word' id='word_1_283' title='bbox 952 4310 1106 4402; x_wconf 87' lang='lat' dir='ltr'><strong>quillitate</strong></span> <span class='ocrx_word' id='word_1_284' title='bbox 1135 4311 1307 4406; x_wconf 85' lang='lat' dir='ltr'><strong>superabat</strong></span> <span class='ocrx_word' id='word_1_285' title='bbox 1343 4331 1465 4381; x_wconf 83' lang='lat' dir='ltr'><strong>omnes.</strong></span> <span class='ocrx_word' id='word_1_286' title='bbox 1506 4313 1543 4383; x_wconf 91' lang='lat' dir='ltr'><strong>ln</strong></span> 
     </span>
    </p>
   </div>
   <div class='ocr_carea' id='block_1_6' title="bbox 0 0 1796 5034">
    <p class='ocr_par' dir='ltr' id='par_1_10' title="bbox 0 0 1796 5034">
     <span class='ocr_line' id='line_1_37' title="bbox 0 0 1796 5034; baseline 0 2"><span class='ocrx_word' id='word_1_287' title='bbox 0 0 1796 5034; x_wconf 95' lang='lat' dir='ltr'><strong> </strong></span> 
     </span>
    </p>
   </div>
  </div>
 </body>
</html>
